timestamp,bid_price_1,bid_volume_1,ask_price_1,ask_volume_1,bid_price_2,bid_volume_2,ask_price_2,ask_volume_2,bid_price_3,bid_volume_3,ask_price_3,ask_volume_3,bid_price_4,bid_volume_4,ask_price_4,ask_volume_4,bid_price_5,bid_volume_5,ask_price_5,ask_volume_5,bid_price_6,bid_volume_6,ask_price_6,ask_volume_6,bid_price_7,bid_volume_7,ask_price_7,ask_volume_7,bid_price_8,bid_volume_8,ask_price_8,ask_volume_8,bid_price_9,bid_volume_9,ask_price_9,ask_volume_9,bid_price_10,bid_volume_10,ask_price_10,ask_volume_10,spread
1751798544260275968,99.9994,229,100.0505,69,99.9899,193,100.0601,490,99.9793,475,100.0705,237,99.9699,493,100.0805,12,99.9599,393,100.0906,37,99.9498,436,100.1005,499,99.9399,406,100.1103,92,99.9294,120,100.1207,178,99.919,346,100.1303,368,99.9099,499,100.1402,320,0.0511
1751798544260375968,99.9983,292,100.0487,155,99.9879,296,100.058,496,99.9784,449,100.068,318,99.968,206,100.0779,262,99.9575,10,100.0883,117,99.9479,72,100.098,40,99.9383,114,100.1078,161,99.9283,254,100.1184,417,99.9185,48,100.1286,231,99.9079,239,100.1377,475,0.0504
1751798544260475968,100.0008,99,100.0524,375,99.9908,459,100.0624,276,99.9806,431,100.0731,284,99.9707,84,100.0829,128,99.9609,246,100.0933,346,99.9512,82,100.1025,238,99.941,244,100.1128,489,99.931,47,100.1228,388,99.9206,57,100.1333,440,99.9104,55,100.1423,168,0.0516
1751798544260575968,99.9961,28,100.056,434,99.9858,245,100.0662,490,99.9759,53,100.0764,430,99.9657,460,100.0862,283,99.9558,411,100.0968,93,99.9463,209,100.1067,325,99.936,262,100.1164,191,99.9258,96,100.1266,36,99.9157,397,100.1369,496,99.9064,41,100.147,359,0.0599
1751798544260675968,100.0009,442,100.0534,272,99.9906,29,100.0637,464,99.9804,304,100.0735,289,99.97,121,100.0835,459,99.9604,49,100.0938,105,99.9502,418,100.1039,165,99.94,304,100.1133,479,99.93,128,100.1239,78,99.9207,86,100.1333,400,99.9109,49,100.1438,413,0.0525
1751798544260775968,99.997,48,100.0581,54,99.9863,210,100.0675,349,99.9768,145,100.078,327,99.9666,307,100.0877,241,99.9568,234,100.0977,227,99.9464,59,100.1078,438,99.9365,341,100.1176,80,99.9266,455,100.1282,125,99.9162,432,100.1377,22,99.9066,454,100.1476,307,0.0611
1751798544260875968,99.9958,223,100.055,92,99.9851,481,100.0652,154,99.9753,277,100.0748,50,99.9659,26,100.085,74,99.956,125,100.095,32,99.9456,62,100.1051,70,99.9352,33,100.1152,199,99.9254,347,100.1252,192,99.9157,375,100.1355,35,99.9056,196,100.1451,300,0.0592
1751798544260975968,99.9939,473,100.0591,309,99.984,326,100.0684,284,99.9739,119,100.079,152,99.9634,94,100.0883,455,99.9537,114,100.099,339,99.9434,27,100.1086,91,99.9334,135,100.1192,280,99.9233,189,100.1289,257,99.9139,166,100.1388,342,99.9042,248,100.1488,122,0.0652
1751798544261075968,99.9981,413,100.0617,26,99.9876,375,100.0718,86,99.9778,401,100.082,306,99.9679,242,100.0921,149,99.9579,298,100.1021,304,99.9476,102,100.1114,320,99.9372,221,100.1221,300,99.9275,204,100.1315,427,99.9176,295,100.1417,136,99.9082,296,100.1513,185,0.0636
1751798544261175968,99.9971,266,100.062,350,99.9868,177,100.0721,154,99.9765,237,100.0825,80,99.9663,146,100.0927,242,99.9572,178,100.1025,282,99.9464,210,100.1126,270,99.9363,309,100.1226,452,99.927,142,100.1324,285,99.9163,357,100.1422,38,99.9068,237,100.1521,158,0.0649
1751798544261275968,99.9992,273,100.0625,357,99.9892,170,100.0721,351,99.9788,383,100.0825,427,99.969,20,100.0916,419,99.9591,437,100.1021,62,99.9494,99,100.1124,238,99.9391,146,100.1224,98,99.9293,461,100.1321,249,99.9195,209,100.1417,152,99.9089,166,100.1525,325,0.0633
1751798544261375968,99.9996,306,100.059,279,99.9893,257,100.0688,486,99.9792,169,100.0787,109,99.9699,93,100.0892,394,99.9595,34,100.0993,381,99.9498,316,100.1097,150,99.9398,248,100.1189,93,99.9291,438,100.1289,377,99.9197,36,100.1394,18,99.9092,458,100.1487,111,0.0594
1751798544261475968,100.0047,143,100.0558,188,99.9941,401,100.066,191,99.9841,119,100.0753,260,99.9738,72,100.0855,86,99.9639,340,100.0956,262,99.9542,482,100.1054,424,99.9444,414,100.1152,11,99.9341,358,100.1252,109,99.9243,419,100.135,10,99.914,156,100.1454,397,0.0511
1751798544261575968,100.0022,218,100.0513,345,99.9919,42,100.0605,75,99.9821,169,100.071,306,99.9717,361,100.0811,71,99.9624,166,100.091,209,99.9524,300,100.1006,29,99.9419,31,100.1109,177,99.932,31,100.1206,32,99.9223,311,100.1315,422,99.912,120,100.1406,106,0.0491
1751798544261675968,100.0025,282,100.05,258,99.9929,455,100.0602,311,99.9824,215,100.0704,369,99.9724,470,100.0804,43,99.9628,364,100.0903,221,99.9521,250,100.1005,52,99.9428,491,100.1109,102,99.9324,492,100.1201,126,99.9226,298,100.1303,117,99.913,354,100.1404,275,0.0475
1751798544261775968,100.0018,45,100.0498,320,99.9916,192,100.0596,277,99.9822,416,100.069,289,99.9716,265,100.0791,207,99.9619,211,100.0898,347,99.9514,147,100.0996,173,99.9421,326,100.1091,446,99.9316,417,100.1194,488,99.9217,384,100.129,418,99.9121,274,100.1393,199,0.048
1751798544261875968,99.9999,368,100.0543,69,99.9904,427,100.0641,440,99.9802,370,100.074,215,99.9702,336,100.0841,188,99.96,250,100.0941,384,99.9495,305,100.1045,172,99.9398,47,100.1139,181,99.9304,114,100.124,224,99.9201,35,100.1345,93,99.9103,218,100.1439,411,0.0544
1751798544261975968,99.9952,146,100.0516,425,99.9848,444,100.0618,320,99.9752,41,100.0723,30,99.9656,221,100.0819,476,99.955,146,100.0919,409,99.9449,173,100.102,289,99.9355,420,100.1124,27,99.9248,249,100.1218,355,99.9157,38,100.1319,288,99.9057,307,100.1422,213,0.0564
1751798544262075968,99.997,297,100.0551,260,99.9871,75,100.0651,31,99.9771,437,100.0751,144,99.9671,426,100.0849,199,99.9569,28,100.0947,322,99.9469,161,100.1047,488,99.9377,96,100.1153,405,99.927,140,100.1247,368,99.9172,420,100.1347,477,99.9077,80,100.1448,386,0.0581
1751798544262175968,99.9985,129,100.0537,336,99.9882,184,100.0639,106,99.9783,454,100.0743,390,99.9686,237,100.0839,79,99.958,327,100.0942,439,99.9479,215,100.1039,381,99.9385,270,100.1141,95,99.9283,120,100.1244,280,99.918,212,100.1336,111,99.9082,152,100.1434,76,0.0552
1751798544262275968,100.0005,76,100.0542,197,99.9905,80,100.0639,268,99.9802,124,100.0743,276,99.9707,248,100.0848,266,99.9605,405,100.094,349,99.9505,364,100.1049,319,99.94,200,100.114,221,99.9303,54,100.1241,208,99.9208,408,100.1343,271,99.91,112,100.1448,129,0.0537
1751798544262375968,99.9985,189,100.0501,400,99.9886,495,100.0601,414,99.9784,278,100.0705,418,99.9686,76,100.08,396,99.9584,386,100.09,119,99.948,470,100.1004,203,99.9386,169,100.1104,385,99.928,447,100.1205,66,99.918,496,100.1305,459,99.9085,150,100.1407,137,0.0516
1751798544262475968,99.9989,289,100.055,28,99.9886,416,100.0643,66,99.9791,353,100.0745,277,99.9689,72,100.0842,13,99.9589,40,100.0949,215,99.9493,435,100.105,446,99.9391,462,100.1143,340,99.9285,295,100.1243,317,99.9189,291,100.1344,171,99.9092,357,100.1444,131,0.0561
1751798544262575968,99.9997,476,100.0528,104,99.9904,270,100.0627,167,99.9799,491,100.0735,101,99.9698,472,100.0835,454,99.9597,83,100.0927,284,99.9501,452,100.1027,353,99.9398,228,100.1132,299,99.9299,174,100.1228,334,99.9195,497,100.1332,213,99.9097,274,100.1435,98,0.0531
1751798544262675968,100.0024,10,100.0567,195,99.992,54,100.0673,403,99.9823,375,100.0772,496,99.9722,459,100.0863,155,99.9621,52,100.0972,353,99.9523,307,100.1063,64,99.9426,263,100.117,420,99.9319,407,100.1266,325,99.9221,368,100.1369,166,99.9125,371,100.1464,108,0.0543
1751798544262775968,99.9976,407,100.0556,178,99.9878,423,100.0657,496,99.978,236,100.0763,129,99.9674,343,100.0863,147,99.9574,32,100.096,476,99.9475,253,100.1056,485,99.9377,25,100.1157,417,99.9273,379,100.1263,314,99.918,49,100.1355,25,99.9075,150,100.1456,67,0.058
1751798544262875968,99.9978,192,100.0542,453,99.9875,58,100.0643,445,99.9777,257,100.0739,425,99.9678,36,100.0846,114,99.9575,136,100.0946,406,99.9475,444,100.1041,184,99.9378,173,100.1139,271,99.9274,42,100.1244,156,99.9177,196,100.1343,286,99.9076,51,100.1448,249,0.0564
1751798544262975968,99.9966,403,100.057,203,99.987,347,100.0671,322,99.977,454,100.0777,338,99.9666,123,100.0875,373,99.9572,72,100.097,275,99.9472,164,100.1068,85,99.9367,361,100.1178,397,99.9271,355,100.1268,306,99.9168,378,100.1373,303,99.9064,293,100.1478,206,0.0604
1751798544263075968,99.9927,157,100.0619,451,99.9821,217,100.0724,101,99.9722,97,100.0822,98,99.9626,29,100.0926,414,99.9523,233,100.1023,283,99.9427,444,100.1119,414,99.9322,130,100.1221,249,99.9219,223,100.132,198,99.9122,336,100.1418,356,99.9028,409,100.1524,120,0.0692
1751798544263175968,99.9944,462,100.0593,41,99.9841,452,100.0702,355,99.9747,487,100.0793,88,99.9646,268,100.0899,148,99.9544,11,100.0998,202,99.9442,331,100.1102,10,99.9347,412,100.1198,298,99.9243,260,100.1297,53,99.9141,206,100.1402,395,99.9045,310,100.1502,190,0.0649
1751798544263275968,99.9967,63,100.0609,204,99.9873,131,100.0705,401,99.977,246,100.0809,458,99.9668,235,100.0906,480,99.9572,314,100.101,167,99.9468,455,100.1105,356,99.9369,62,100.1205,287,99.9267,398,100.1309,461,99.9173,83,100.1407,202,99.9072,148,100.1506,377,0.0642
1751798544263375968,99.9942,328,100.0634,318,99.9844,224,100.0728,346,99.9743,192,100.0825,307,99.9648,141,100.0932,411,99.9544,203,100.103,397,99.9445,111,100.113,454,99.9346,177,100.123,45,99.9241,281,100.1332,397,99.9146,489,100.1425,481,99.9047,356,100.1528,302,0.0692
1751798544263475968,99.9918,202,100.0626,279,99.9818,319,100.073,236,99.9718,176,100.0829,169,99.9618,458,100.0927,49,99.9511,22,100.1027,101,99.9418,128,100.1126,19,99.9309,379,100.1228,302,99.9215,209,100.1329,212,99.9113,77,100.1425,331,99.9015,254,100.1529,387,0.0708
1751798544263575968,99.9884,239,100.062,456,99.9783,362,100.0715,250,99.9686,471,100.0815,480,99.9581,112,100.0922,155,99.9484,384,100.1014,83,99.9388,355,100.1118,307,99.9285,271,100.1219,27,99.9186,77,100.1324,178,99.9089,456,100.1415,73,99.8982,385,100.1524,221,0.0736
1751798544263675968,99.9857,35,100.0581,290,99.9753,108,100.0677,432,99.9654,246,100.0781,19,99.9562,180,100.0877,108,99.9462,286,100.0983,181,99.9359,140,100.1082,326,99.9261,104,100.1176,260,99.9156,174,100.1274,269,99.906,498,100.1374,286,99.8958,242,100.148,469,0.0724
1751798544263775968,99.9842,132,100.0599,495,99.9737,307,100.07,486,99.9638,228,100.0805,223,99.954,469,100.0901,112,99.9439,203,100.0997,366,99.9337,103,100.1101,304,99.9243,480,100.1199,314,99.9137,11,100.1298,332,99.9042,462,100.1405,271,99.894,60,100.1503,70,0.0757
1751798544263875968,99.9809,228,100.0573,280,99.9715,416,100.0673,304,99.9615,12,100.0768,31,99.9515,62,100.0873,198,99.9411,462,100.0968,463,99.9314,452,100.1068,382,99.9216,230,100.1166,52,99.9115,106,100.1267,324,99.9016,490,100.1367,474,99.8909,230,100.1468,258,0.0764
1751798544263975968,99.9805,331,100.0565,162,99.9709,471,100.0663,474,99.9611,197,100.0766,262,99.9509,72,100.0865,177,99.9412,154,100.0959,150,99.9307,392,100.1058,464,99.9205,147,100.1166,278,99.911,446,100.1265,491,99.9005,230,100.1361,252,99.8908,207,100.1465,481,0.076
1751798544264075968,99.9822,493,100.0536,498,99.972,36,100.0634,493,99.9625,224,100.0732,482,99.9523,467,100.084,147,99.9427,19,100.0937,82,99.9328,69,100.1034,88,99.9229,433,100.1132,227,99.9129,355,100.1239,319,99.9027,104,100.1337,230,99.8926,437,100.1435,170,0.0714
1751798544264175968,99.9855,230,100.0531,397,99.9757,59,100.0631,54,99.9657,443,100.0732,98,99.9552,229,100.0836,440,99.9452,283,100.0935,119,99.9353,66,100.1031,325,99.9254,57,100.1133,327,99.9152,358,100.1231,59,99.9058,357,100.1337,419,99.8955,66,100.1437,281,0.0676
1751798544264275968,99.9886,425,100.0576,54,99.979,268,100.0676,256,99.9692,369,100.0778,382,99.9591,66,100.0882,488,99.9491,380,100.0981,420,99.9386,406,100.108,235,99.9293,342,100.1184,151,99.9192,147,100.1282,89,99.9089,183,100.1381,265,99.899,71,100.1479,427,0.069
1751798544264375968,99.9854,339,100.0549,205,99.9755,466,100.065,361,99.9649,415,100.0753,462,99.9549,102,100.0852,430,99.945,156,100.0947,398,99.9348,44,100.1049,455,99.925,73,100.115,482,99.9155,481,100.1253,30,99.9052,69,100.1349,42,99.8949,449,100.1446,394,0.0695
1751798544264475968,99.9843,97,100.0503,222,99.9738,41,100.0603,25,99.9639,287,100.07,297,99.9535,255,100.0807,418,99.9442,70,100.0898,426,99.9338,335,100.0999,401,99.9241,82,100.1107,245,99.914,417,100.1204,53,99.9034,40,100.1301,183,99.8936,441,100.1399,61,0.066
1751798544264575968,99.9849,185,100.0523,129,99.9747,290,100.062,411,99.9654,407,100.0724,381,99.9546,262,100.0824,384,99.9453,457,100.0917,12,99.9351,442,100.1024,383,99.9247,466,100.1127,479,99.9149,228,100.122,455,99.905,303,100.1323,367,99.8948,279,100.1423,417,0.0674
1751798544264675968,99.989,444,100.0504,123,99.9797,27,100.0604,358,99.9692,87,100.0696,29,99.959,286,100.0801,257,99.9492,370,100.0898,62,99.9398,33,100.1,354,99.9295,172,100.1101,321,99.9199,470,100.1205,374,99.9095,349,100.1302,175,99.8989,281,100.1405,287,0.0614
1751798544264775968,99.9846,395,100.0521,450,99.9746,177,100.0614,206,99.9649,303,100.0721,195,99.955,137,100.0818,81,99.9444,396,100.0912,162,99.9346,247,100.1014,73,99.9248,487,100.112,52,99.9149,215,100.1218,202,99.9046,36,100.1315,10,99.895,207,100.142,181,0.0675
1751798544264875968,99.9801,193,100.0467,238,99.9698,280,100.0569,284,99.9603,168,100.0672,41,99.9498,279,100.0771,436,99.9397,365,100.0866,460,99.9301,284,100.0971,290,99.9202,389,100.1064,438,99.9101,260,100.117,177,99.9003,39,100.1263,398,99.8898,168,100.1369,98,0.0666
1751798544264975968,99.9781,269,100.0491,171,99.968,448,100.0593,352,99.9572,452,100.0696,84,99.9475,192,100.0794,326,99.9372,413,100.0892,346,99.9281,45,100.1,293,99.9172,401,100.1093,229,99.9081,404,100.1191,377,99.8973,65,100.1299,342,99.8872,252,100.1392,182,0.071
1751798544265075968,99.9772,437,100.053,347,99.9681,101,100.0628,495,99.9581,403,100.073,385,99.9481,117,100.083,70,99.9379,465,100.0932,215,99.9274,62,100.1029,492,99.9178,197,100.113,333,99.9074,401,100.1228,250,99.8975,144,100.1331,98,99.8881,195,100.1432,454,0.0758
1751798544265175968,99.9816,296,100.0518,494,99.9712,143,100.0617,300,99.9616,123,100.072,169,99.9508,321,100.0816,168,99.9406,343,100.0924,88,99.9311,77,100.1017,226,99.9212,458,100.1122,392,99.9108,342,100.1217,289,99.9012,391,100.1321,432,99.8916,323,100.1416,475,0.0702
1751798544265275968,99.9774,400,100.0519,192,99.9683,221,100.0616,271,99.958,195,100.0715,194,99.9476,167,100.0815,76,99.9376,425,100.0919,278,99.9283,488,100.1013,143,99.9175,174,100.1113,274,99.9081,127,100.1213,346,99.8981,220,100.1311,489,99.8883,241,100.1413,491,0.0745
1751798544265375968,99.9771,26,100.055,125,99.9667,11,100.0653,86,99.9565,226,100.0748,117,99.9466,140,100.0851,194,99.937,350,100.0952,455,99.927,286,100.1053,315,99.9165,196,100.1147,370,99.9073,91,100.1245,469,99.8973,220,100.1348,378,99.8869,219,100.1445,136,0.0779
1751798544265475968,99.9787,286,100.0583,352,99.9689,328,100.0689,358,99.9582,329,100.0785,389,99.9487,35,100.0881,304,99.9382,453,100.0985,229,99.9291,238,100.1085,231,99.9187,477,100.1183,33,99.9084,65,100.1281,474,99.8983,177,100.1381,498,99.8886,399,100.1488,202,0.0796
1751798544265575968,99.9812,347,100.0592,169,99.9711,498,100.0689,309,99.9613,60,100.0797,404,99.9514,323,100.0888,54,99.9415,327,100.0993,412,99.9309,393,100.1094,274,99.9215,210,100.1194,447,99.9109,287,100.1292,246,99.9018,300,100.1395,126,99.8917,358,100.1496,107,0.078
1751798544265675968,99.9797,93,100.0569,132,99.9691,358,100.0667,426,99.9601,61,100.0773,361,99.9498,43,100.0872,292,99.9396,48,100.0973,440,99.9291,431,100.1068,381,99.9197,56,100.1171,393,99.9098,155,100.1273,11,99.8998,54,100.1374,49,99.8895,125,100.1474,328,0.0772
1751798544265775968,99.9825,494,100.0575,183,99.9726,479,100.0674,184,99.9621,332,100.0778,364,99.9522,425,100.0873,324,99.9425,64,100.0976,316,99.9323,269,100.1072,480,99.9219,290,100.1169,351,99.9123,64,100.1274,469,99.902,267,100.1376,96,99.8926,229,100.1478,252,0.075
1751798544265875968,99.9801,389,100.0553,336,99.97,190,100.0659,195,99.96,98,100.0752,38,99.9506,251,100.0853,316,99.94,88,100.0957,200,99.9307,327,100.1057,164,99.9207,484,100.115,41,99.9103,472,100.1256,432,99.9,251,100.135,12,99.8902,498,100.1452,160,0.0752
1751798544265975968,99.9856,340,100.0538,340,99.9748,373,100.0645,483,99.965,410,100.0743,281,99.9551,299,100.0839,497,99.945,391,100.0939,464,99.9355,43,100.1042,286,99.9253,325,100.1138,13,99.9155,181,100.1246,330,99.9053,70,100.1338,183,99.8956,256,100.1443,275,0.0682
1751798544266075968,99.9884,222,100.0532,64,99.9782,313,100.0628,156,99.9679,22,100.0733,468,99.9582,116,100.0833,191,99.9481,95,100.0932,432,99.9387,50,100.1034,341,99.928,420,100.1136,413,99.9187,99,100.1235,489,99.908,269,100.1335,422,99.8988,309,100.1437,282,0.0648
1751798544266175968,99.9866,452,100.0561,370,99.9768,209,100.0659,434,99.9669,173,100.076,311,99.9568,84,100.0867,382,99.9469,484,100.0963,456,99.9372,402,100.1062,468,99.9267,279,100.1164,407,99.9163,80,100.1258,144,99.9069,197,100.1359,496,99.8969,237,100.1467,41,0.0695
1751798544266275968,99.9916,223,100.0589,334,99.9812,145,100.0689,384,99.9715,303,100.0789,75,99.9618,24,100.0889,209,99.9516,452,100.0985,399,99.9418,424,100.1087,110,99.931,245,100.1185,133,99.9218,216,100.1285,496,99.9116,322,100.1386,393,99.9011,142,100.149,53,0.0673
1751798544266375968,99.9904,113,100.0627,249,99.9806,73,100.0731,60,99.9706,407,100.0834,350,99.9604,195,100.0928,356,99.9506,373,100.1029,11,99.9405,497,100.1133,12,99.9302,314,100.1228,30,99.92,225,100.1331,345,99.9105,346,100.1435,163,99.8998,103,100.1525,382,0.0723
1751798544266475968,99.9908,312,100.0605,341,99.9815,245,100.0708,84,99.9709,257,100.0811,129,99.9612,322,100.0905,479,99.9508,133,100.1013,447,99.9414,460,100.111,185,99.9316,129,100.1205,356,99.9207,253,100.1306,438,99.9111,463,100.1408,221,99.9015,248,100.151,444,0.0697
1751798544266575968,99.9951,341,100.0563,337,99.986,21,100.0663,451,99.9754,188,100.076,458,99.9652,274,100.0859,101,99.9557,79,100.0958,72,99.9453,357,100.1059,131,99.9356,351,100.1158,152,99.9257,458,100.1256,73,99.916,282,100.1365,85,99.9054,482,100.1461,62,0.0612
1751798544266675968,99.9948,415,100.0553,298,99.985,261,100.066,47,99.9748,27,100.0753,370,99.9648,38,100.0861,25,99.9546,262,100.0962,419,99.9444,480,100.1059,86,99.9352,166,100.1156,141,99.925,465,100.1252,95,99.9153,111,100.1359,449,99.9049,363,100.1455,81,0.0605
1751798544266775968,99.9929,221,100.0527,95,99.9824,404,100.0622,406,99.9728,227,100.0729,102,99.9626,102,100.083,124,99.9522,335,100.0928,433,99.9428,476,100.1021,22,99.9327,272,100.1125,413,99.9222,477,100.1223,271,99.9126,418,100.1322,255,99.9026,289,100.1427,321,0.0598
1751798544266875968,99.995,386,100.0558,26,99.9849,320,100.0661,455,99.9746,50,100.0757,259,99.9645,225,100.086,368,99.9542,38,100.0957,329,99.9444,350,100.1056,405,99.9344,305,100.1154,294,99.9251,163,100.126,102,99.9151,153,100.1361,292,99.9044,409,100.146,333,0.0608
1751798544266975968,99.9979,437,100.0542,437,99.9875,273,100.0642,438,99.978,231,100.0735,269,99.9678,380,100.0841,221,99.958,435,100.0938,280,99.9481,423,100.104,174,99.9381,113,100.1135,12,99.9278,478,100.1241,306,99.9172,301,100.1337,449,99.9073,380,100.1439,49,0.0563
1751798544267075968,99.9981,32,100.0555,23,99.9883,22,100.0655,143,99.9781,229,100.0757,350,99.9674,266,100.0854,182,99.9583,484,100.0952,299,99.948,279,100.1056,188,99.9377,376,100.1156,234,99.9283,168,100.1252,342,99.9182,493,100.1356,50,99.9076,164,100.1452,204,0.0574
1751798544267175968,99.9967,260,100.0559,203,99.9866,278,100.0653,105,99.9762,124,100.0757,331,99.9662,156,100.0853,194,99.9559,499,100.0958,331,99.9463,494,100.1052,346,99.9368,288,100.116,44,99.9267,147,100.1253,261,99.9164,21,100.1357,369,99.9063,367,100.1457,493,0.0592
1751798544267275968,99.9976,40,100.055,488,99.9873,282,100.0649,372,99.9775,148,100.0746,160,99.9668,453,100.0846,372,99.957,53,100.0954,461,99.9473,268,100.1048,437,99.9375,267,100.1148,296,99.9272,386,100.1249,288,99.9168,391,100.135,444,99.9072,404,100.145,214,0.0574
1751798544267375968,100.0,457,100.0595,11,99.9897,410,100.0691,453,99.9799,57,100.0795,77,99.9692,358,100.0897,499,99.9599,473,100.0995,56,99.9495,308,100.1093,205,99.94,271,100.1191,284,99.9295,39,100.1292,377,99.9196,16,100.1397,379,99.909,37,100.149,304,0.0595
1751798544267475968,99.9957,281,100.0625,421,99.9862,276,100.0723,409,99.9762,212,100.082,197,99.9657,10,100.092,375,99.9558,407,100.1022,246,99.9461,128,100.1127,181,99.9364,322,100.1225,451,99.9262,269,100.1322,397,99.916,109,100.1423,84,99.9062,334,100.1526,259,0.0668
1751798544267575968,99.9962,231,100.0627,323,99.9862,383,100.0717,366,99.9758,376,100.0824,195,99.9654,201,100.0921,368,99.9556,321,100.1025,123,99.9455,452,100.1123,162,99.936,218,100.1217,302,99.9257,208,100.1318,334,99.9155,385,100.1423,234,99.9063,435,100.1521,251,0.0665
1751798544267675968,99.9935,395,100.0608,22,99.9838,308,100.0707,449,99.9741,458,100.0804,364,99.9642,151,100.0913,46,99.9537,118,100.1012,90,99.9439,140,100.1112,454,99.9341,457,100.1212,399,99.9237,374,100.1309,312,99.9135,428,100.1408,308,99.9035,13,100.1509,29,0.0673
1751798544267775968,99.997,411,100.0615,138,99.9871,204,100.0712,161,99.9776,401,100.0817,407,99.967,24,100.0916,355,99.9574,126,100.1015,304,99.9478,60,100.1114,399,99.9375,496,100.1219,72,99.9276,349,100.1315,267,99.9175,206,100.1419,269,99.9071,230,100.1518,436,0.0645
1751798544267875968,100.0012,28,100.0641,483,99.9915,306,100.0747,209,99.9813,148,100.0845,166,99.9709,493,100.0948,362,99.961,40,100.1039,122,99.9512,302,100.1146,125,99.9415,307,100.1239,210,99.9312,497,100.1339,406,99.9211,157,100.1446,282,99.9109,306,100.1545,237,0.0629
1751798544267975968,99.9991,152,100.0687,178,99.9884,483,100.0794,453,99.979,107,100.0891,456,99.9683,112,100.0994,161,99.9584,496,100.1088,384,99.9491,303,100.1195,247,99.9389,373,100.1295,424,99.9283,56,100.1389,416,99.9183,496,100.149,479,99.909,359,100.1592,192,0.0696
1751798544268075968,99.9999,160,100.0737,158,99.989,225,100.0836,291,99.9796,415,100.094,450,99.9696,473,100.1041,197,99.959,452,100.1138,390,99.9491,59,100.1235,202,99.9395,341,100.1343,28,99.9298,177,100.1443,83,99.919,434,100.1541,403,99.9092,151,100.1635,448,0.0738
1751798544268175968,100.0012,206,100.0714,18,99.9911,67,100.0811,330,99.9814,476,100.0918,248,99.9709,167,100.1013,410,99.9609,83,100.1113,464,99.9511,444,100.1212,362,99.9412,341,100.1314,133,99.9309,69,100.1418,264,99.9216,39,100.1518,263,99.9117,135,100.162,24,0.0702
1751798544268275968,99.9999,427,100.0743,327,99.9898,189,100.0844,323,99.9791,483,100.0948,104,99.9691,88,100.1048,319,99.9598,67,100.1145,299,99.9491,163,100.1242,462,99.9391,332,100.1345,185,99.9291,12,100.1441,115,99.9191,238,100.1547,388,99.909,219,100.1649,199,0.0744
1751798544268375968,99.9998,135,100.0723,430,99.9892,141,100.0823,102,99.98,353,100.0925,143,99.9699,413,100.1024,483,99.9592,322,100.1121,485,99.95,419,100.1226,154,99.9395,378,100.1328,209,99.9297,479,100.1424,146,99.9194,386,100.153,58,99.9097,61,100.1629,205,0.0725
1751798544268475968,99.9968,85,100.0764,436,99.9868,131,100.0862,455,99.9765,196,100.0971,290,99.9664,235,100.107,391,99.9566,255,100.1167,265,99.9462,294,100.1263,114,99.9364,312,100.1366,162,99.9269,119,100.1472,493,99.9165,250,100.1563,221,99.9069,425,100.167,442,0.0796
1751798544268575968,99.9929,260,100.072,398,99.9833,473,100.0828,17,99.973,383,100.0921,80,99.9631,367,100.1029,290,99.9533,272,100.1121,167,99.9428,211,100.1229,332,99.9329,262,100.1327,453,99.9233,264,100.1425,237,99.9129,141,100.1525,146,99.9035,198,100.1622,210,0.0791
1751798544268675968,99.998,43,100.0754,305,99.9874,126,100.0855,106,99.9773,170,100.0949,77,99.9678,36,100.1055,91,99.9575,282,100.1151,30,99.9473,471,100.1249,432,99.9375,464,100.1355,256,99.9281,207,100.1451,106,99.9178,212,100.155,395,99.9077,12,100.1656,120,0.0774
1751798544268775968,99.9953,67,100.0702,475,99.9855,334,100.0809,265,99.975,253,100.0908,430,99.9651,485,100.1005,292,99.9554,207,100.1105,332,99.9451,180,100.1204,210,99.9352,453,100.131,448,99.9253,175,100.1405,417,99.9152,213,100.1506,352,99.9047,57,100.1607,54,0.0749
1751798544268875968,99.9924,241,100.0668,21,99.9821,145,100.0768,441,99.9731,410,100.0873,363,99.963,48,100.0971,261,99.9524,208,100.1072,11,99.9429,339,100.1163,365,99.9324,90,100.1272,107,99.9224,140,100.137,491,99.913,220,100.1471,24,99.9031,126,100.1567,126,0.0744
1751798544268975968,99.9942,56,100.0695,179,99.9845,126,100.0796,163,99.9748,119,100.09,459,99.9643,118,100.1002,35,99.9548,24,100.11,246,99.9443,13,100.1193,157,99.9349,118,100.13,141,99.9241,287,100.1396,442,99.9151,483,100.1502,297,99.9049,106,100.1602,114,0.0753
1751798544269075968,99.9963,321,100.0715,225,99.9863,378,100.0814,336,99.9759,395,100.0916,340,99.9664,28,100.1015,317,99.9559,488,100.1114,191,99.9468,203,100.1212,393,99.9362,430,100.1317,89,99.9266,343,100.1411,449,99.9167,389,100.1513,298,99.9062,378,100.162,177,0.0752
1751798544269175968,99.9922,139,100.0695,206,99.9824,192,100.0798,156,99.9719,179,100.0895,163,99.9617,170,100.0995,489,99.9519,176,100.1095,477,99.9417,22,100.1194,35,99.9323,224,100.1298,290,99.9222,414,100.1396,12,99.9124,74,100.1496,60,99.9016,470,100.1593,187,0.0773
1751798544269275968,99.9896,293,100.0739,150,99.9798,79,100.0837,207,99.9696,148,100.0936,274,99.9597,313,100.1033,118,99.9501,389,100.114,295,99.9396,126,100.1234,241,99.9302,102,100.1333,262,99.9202,137,100.143,334,99.9104,206,100.1538,342,99.8996,363,100.1636,103,0.0843
1751798544269375968,99.9892,144,100.0779,74,99.9799,213,100.0884,335,99.9701,312,100.0976,42,99.9595,280,100.1085,128,99.9499,202,100.1185,485,99.9393,412,100.1282,132,99.9293,58,100.1379,356,99.9198,100,100.1475,267,99.91,107,100.1584,172,99.8999,235,100.1684,24,0.0887
1751798544269475968,99.9861,478,100.0742,20,99.976,284,100.0845,352,99.9667,212,100.0941,93,99.9563,313,100.1041,36,99.9465,403,100.1144,273,99.9364,355,100.1243,381,99.9262,46,100.1338,393,99.9163,157,100.1445,400,99.9066,343,100.1543,253,99.8967,323,100.1643,349,0.0881
1751798544269575968,99.9913,267,100.0757,240,99.9813,68,100.0866,424,99.9717,164,100.0965,493,99.9615,458,100.106,160,99.9514,313,100.1165,135,99.9417,433,100.1265,186,99.9313,451,100.1356,247,99.9215,88,100.1463,72,99.9113,169,100.1562,264,99.9008,345,100.1662,192,0.0844
1751798544269675968,99.9876,463,100.0759,104,99.9776,354,100.0855,97,99.9676,337,100.0959,58,99.9576,308,100.1059,145,99.948,404,100.1156,414,99.9378,345,100.1256,54,99.9272,128,100.136,397,99.9173,75,100.1458,288,99.9071,73,100.1559,230,99.8976,94,100.1655,372,0.0883
1751798544269775968,99.9876,234,100.0742,225,99.978,209,100.084,68,99.9677,419,100.0946,179,99.9583,291,100.1048,272,99.948,57,100.1145,346,99.9385,26,100.1246,306,99.9276,38,100.1344,37,99.9183,320,100.1445,265,99.9084,113,100.1545,383,99.8979,248,100.1643,349,0.0866
1751798544269875968,99.9838,480,100.0784,400,99.9732,199,100.0893,54,99.9638,381,100.0985,283,99.9539,327,100.109,167,99.9432,310,100.1192,11,99.9333,255,100.1292,19,99.9234,387,100.1392,378,99.9136,326,100.1492,64,99.9032,137,100.1591,413,99.8933,106,100.169,210,0.0946
1751798544269975968,99.9844,331,100.0813,58,99.9746,70,100.0914,373,99.9642,212,100.1012,460,99.9542,344,100.1114,330,99.9446,249,100.1212,281,99.9338,418,100.132,344,99.9243,121,100.1421,342,99.9144,286,100.1521,95,99.904,422,100.1618,416,99.8945,152,100.1716,390,0.0969
1751798544270075968,99.9845,365,100.0796,29,99.9746,394,100.0901,423,99.9644,460,100.1001,202,99.954,226,100.11,96,99.9449,290,100.12,109,99.9348,123,100.1298,244,99.9246,414,100.1394,250,99.9146,488,100.15,176,99.9047,340,100.1597,202,99.894,297,100.17,467,0.0951
1751798544270175968,99.9839,492,100.078,366,99.9732,287,100.0876,176,99.9638,259,100.0976,451,99.9533,165,100.1077,335,99.9439,242,100.1177,178,99.9329,411,100.1274,20,99.9235,49,100.138,386,99.9132,363,100.1478,172,99.9031,380,100.1579,217,99.8937,349,100.1678,149,0.0941
1751798544270275968,99.9817,301,100.0736,288,99.972,229,100.083,347,99.9619,100,100.0936,336,99.9523,268,100.1034,310,99.9415,423,100.113,379,99.9314,42,100.1236,343,99.9215,301,100.1332,204,99.9115,271,100.143,414,99.9022,241,100.1529,167,99.8913,353,100.1633,42,0.0919
1751798544270375968,99.9832,122,100.0745,353,99.973,221,100.0845,219,99.9629,189,100.0936,427,99.9533,373,100.1041,442,99.9427,338,100.1139,161,99.9329,424,100.1241,327,99.9233,293,100.1344,96,99.9124,10,100.1437,120,99.9031,292,100.1538,186,99.8933,322,100.1638,200,0.0913
1751798544270475968,99.9854,44,100.0754,279,99.9751,223,100.0856,496,99.9649,38,100.0954,140,99.9546,35,100.1047,383,99.9455,423,100.1151,407,99.9351,244,100.1251,117,99.9249,240,100.1355,458,99.9155,485,100.145,139,99.9046,129,100.1551,248,99.8954,438,100.1651,293,0.09
1751798544270575968,99.981,82,100.0779,29,99.9706,222,100.0888,389,99.9605,241,100.0985,376,99.9507,229,100.1081,465,99.9406,37,100.1186,430,99.931,352,100.1286,208,99.9209,169,100.1387,128,99.9112,103,100.1486,31,99.9011,245,100.1589,87,99.8911,432,100.1687,290,0.0969
1751798544270675968,99.9793,220,100.0759,194,99.969,413,100.0863,247,99.9592,298,100.0955,23,99.9494,38,100.1056,187,99.9388,184,100.116,473,99.9297,56,100.1261,438,99.9192,323,100.1362,304,99.9096,29,100.1464,427,99.8993,137,100.1555,45,99.8893,162,100.1663,413,0.0966
1751798544270775968,99.9836,124,100.0748,257,99.9738,433,100.0841,448,99.9636,24,100.0946,417,99.9538,368,100.1044,88,99.9439,319,100.1143,299,99.934,424,100.1249,335,99.9235,45,100.1345,491,99.9139,389,100.1446,308,99.9043,126,100.1549,410,99.8941,79,100.1644,47,0.0912
1751798544270875968,99.9834,291,100.0707,12,99.9733,369,100.081,419,99.9634,315,100.0911,214,99.9532,59,100.1006,367,99.9428,370,100.1113,144,99.9334,192,100.1206,34,99.9228,55,100.1314,225,99.9133,34,100.1415,129,99.9029,153,100.1509,239,99.893,290,100.1611,109,0.0873
1751798544270975968,99.9808,54,100.0671,35,99.9714,155,100.078,276,99.9615,484,100.0876,498,99.9512,338,100.0974,472,99.9413,210,100.1076,225,99.9317,134,100.1173,393,99.9214,60,100.1274,325,99.9109,259,100.1373,152,99.9012,287,100.1476,74,99.8917,150,100.1576,328,0.0863
1751798544271075968,99.9833,59,100.0649,206,99.974,131,100.0742,357,99.9638,489,100.0843,203,99.9537,479,100.0942,461,99.9435,76,100.1042,244,99.9333,284,100.1145,267,99.9234,102,100.125,300,99.9136,198,100.1345,448,99.9039,427,100.1451,423,99.8936,365,100.1544,498,0.0816
1751798544271175968,99.9867,160,100.0648,429,99.977,135,100.0748,75,99.9666,341,100.0844,446,99.9573,181,100.0947,271,99.947,457,100.1051,68,99.9365,26,100.1152,120,99.9265,308,100.1254,181,99.9169,304,100.1354,329,99.907,282,100.1447,356,99.8971,483,100.1551,487,0.0781
1751798544271275968,99.9833,455,100.0674,170,99.9734,154,100.0764,116,99.9633,238,100.0865,20,99.9528,220,100.0969,476,99.9432,356,100.1068,273,99.9335,15,100.1166,42,99.923,446,100.1266,280,99.9134,486,100.137,454,99.9033,238,100.1464,27,99.8935,450,100.1564,11,0.0841
1751798544271375968,99.9844,246,100.0685,313,99.9746,342,100.0784,404,99.964,483,100.0881,465,99.955,209,100.0985,492,99.9441,453,100.1082,472,99.935,247,100.1183,441,99.9248,195,100.1279,227,99.9144,317,100.1378,379,99.9047,490,100.1483,242,99.8949,202,100.1581,415,0.0841
1751798544271475968,99.9836,210,100.065,140,99.9736,238,100.075,479,99.963,194,100.0843,156,99.9532,317,100.0944,183,99.9434,37,100.1042,430,99.9335,35,100.1147,243,99.9231,165,100.1251,185,99.913,347,100.1346,48,99.903,117,100.145,452,99.8932,443,100.1541,29,0.0814
1751798544271575968,99.9818,443,100.0644,382,99.9721,471,100.0738,328,99.9615,291,100.0839,71,99.9514,118,100.0937,436,99.9422,312,100.1039,427,99.9319,223,100.1144,137,99.9223,196,100.1238,157,99.9119,92,100.1346,55,99.9023,98,100.1439,293,99.8914,392,100.1542,99,0.0826
1751798544271675968,99.9802,94,100.0677,92,99.9701,49,100.078,329,99.9603,404,100.0876,257,99.9505,32,100.0976,279,99.9396,250,100.1076,442,99.9301,396,100.1179,110,99.9202,328,100.1283,255,99.91,16,100.1381,27,99.9005,484,100.1482,328,99.8901,398,100.1578,33,0.0875
1751798544271775968,99.9759,39,100.0696,87,99.9662,84,100.0802,325,99.9561,396,100.0897,398,99.9458,177,100.0997,317,99.9354,184,100.1099,302,99.9262,137,100.12,425,99.9162,155,100.13,119,99.9055,134,100.1404,219,99.8954,68,100.1497,337,99.886,205,100.16,389,0.0937
1751798544271875968,99.9727,77,100.0701,62,99.9625,98,100.08,342,99.9525,497,100.0901,187,99.942,468,100.1005,332,99.9327,16,100.11,201,99.9222,58,100.1197,466,99.9124,318,100.1306,23,99.9023,144,100.1405,99,99.8921,447,100.1503,227,99.8825,47,100.16,207,0.0974
1751798544271975968,99.9772,247,100.0702,77,99.9669,99,100.0799,86,99.9574,370,100.0902,301,99.9472,251,100.0995,307,99.9369,237,100.1097,464,99.9275,139,100.1193,198,99.9171,365,100.13,222,99.907,252,100.1396,106,99.897,438,100.1502,59,99.8868,325,100.1595,467,0.093
1751798544272075968,99.9763,166,100.0697,358,99.967,291,100.0801,355,99.9565,129,100.0892,363,99.9471,115,100.0998,342,99.9366,37,100.1093,403,99.9269,371,100.12,173,99.917,319,100.1298,288,99.9069,413,100.1398,238,99.897,17,100.1499,300,99.887,62,100.1596,130,0.0934
1751798544272175968,99.9807,79,100.0651,166,99.97,42,100.0744,448,99.961,282,100.0849,73,99.9509,230,100.0952,322,99.9406,289,100.1053,90,99.9306,466,100.115,103,99.9207,14,100.1251,487,99.9104,332,100.1349,72,99.9005,390,100.1452,71,99.8904,195,100.1545,228,0.0844
1751798544272275968,99.9825,253,100.0647,433,99.9728,453,100.074,409,99.962,271,100.0848,294,99.9521,308,100.0949,42,99.9427,286,100.1043,260,99.9328,341,100.1141,130,99.9224,361,100.1242,493,99.9128,220,100.1341,437,99.9024,202,100.1446,387,99.8919,147,100.1546,294,0.0822
1751798544272375968,99.9805,14,100.0668,222,99.9711,132,100.0768,492,99.9602,172,100.0861,265,99.9507,54,100.0963,234,99.9407,370,100.106,219,99.9309,323,100.116,455,99.9204,158,100.1262,222,99.9101,35,100.136,10,99.9009,196,100.1459,489,99.8905,464,100.1563,211,0.0863
1751798544272475968,99.9822,375,100.0688,135,99.9728,391,100.079,72,99.9626,400,100.0895,84,99.9527,97,100.0995,207,99.9427,281,100.109,14,99.9321,179,100.1188,386,99.9223,200,100.1289,397,99.9128,120,100.1388,76,99.9027,54,100.1493,268,99.8922,300,100.159,225,0.0866
1751798544272575968,99.9776,81,100.0667,42,99.9677,289,100.0771,367,99.9581,77,100.0872,40,99.948,141,100.0967,346,99.9376,61,100.1071,451,99.9281,491,100.1172,415,99.9179,412,100.127,158,99.9079,35,100.1368,339,99.8977,39,100.147,327,99.888,243,100.1567,146,0.0891
1751798544272675968,99.9797,77,100.0667,375,99.9704,395,100.0764,296,99.9604,437,100.0872,458,99.9502,227,100.0971,20,99.9397,336,100.1064,321,99.9304,437,100.1167,259,99.9202,163,100.1269,482,99.9105,16,100.1369,170,99.9003,440,100.1468,327,99.8904,251,100.1571,457,0.087
1751798544272775968,99.9802,166,100.0637,82,99.97,53,100.0743,411,99.9597,225,100.0836,267,99.9499,80,100.0942,336,99.9398,74,100.104,279,99.9295,220,100.1141,456,99.92,205,100.1245,281,99.91,107,100.1336,85,99.8994,176,100.1445,159,99.89,460,100.1542,480,0.0835
1751798544272875968,99.9776,413,100.0674,54,99.9674,463,100.0767,362,99.9573,413,100.0874,76,99.9476,225,100.0966,491,99.937,401,100.1071,31,99.927,389,100.1171,58,99.9174,178,100.1275,367,99.9075,277,100.1369,129,99.8973,499,100.147,377,99.8871,111,100.1569,157,0.0898
1751798544272975968,99.974,228,100.0643,105,99.9635,105,100.075,197,99.954,256,100.0848,389,99.9435,93,100.095,352,99.9344,249,100.1047,31,99.9239,386,100.1144,232,99.9143,12,100.125,177,99.9037,65,100.1347,414,99.8944,298,100.1447,375,99.8839,440,100.1543,225,0.0903
1751798544273075968,99.9716,133,100.0681,52,99.9622,167,100.0783,420,99.9524,58,100.088,343,99.9417,342,100.0981,479,99.9325,244,100.1079,98,99.9217,392,100.118,432,99.9121,247,100.128,406,99.9018,225,100.1383,314,99.8917,109,100.1475,11,99.882,234,100.1574,17,0.0965
1751798544273175968,99.9717,386,100.0674,422,99.9623,85,100.0773,303,99.9516,206,100.0871,326,99.9416,271,100.0969,393,99.9319,217,100.1069,231,99.9216,309,100.1168,119,99.912,476,100.1272,135,99.902,474,100.1369,169,99.892,498,100.1471,482,99.8817,57,100.1573,450,0.0957
1751798544273275968,99.9713,435,100.0711,388,99.9609,361,100.0817,438,99.9514,198,100.0915,158,99.941,275,100.1011,389,99.931,369,100.1111,441,99.9211,44,100.1216,261,99.911,68,100.1317,261,99.9015,52,100.141,361,99.8908,496,100.1514,179,99.8817,375,100.161,66,0.0998
1751798544273375968,99.9702,252,100.0684,380,99.96,403,100.0777,244,99.9499,23,100.0886,246,99.9399,323,100.0985,33,99.9302,25,100.1085,16,99.9204,393,100.1185,78,99.9105,228,100.1277,168,99.9001,60,100.1379,301,99.8899,477,100.1483,355,99.88,23,100.158,25,0.0982
1751798544273475968,99.974,391,100.0694,440,99.9634,390,100.079,417,99.9539,231,100.0894,303,99.944,297,100.0991,329,99.9334,140,100.1086,89,99.9241,463,100.1187,459,99.9143,401,100.1292,311,99.9042,40,100.1394,199,99.8941,281,100.149,472,99.8839,255,100.1588,83,0.0954
1751798544273575968,99.9694,344,100.0707,261,99.9594,466,100.0805,310,99.9497,407,100.0911,292,99.9396,53,100.1009,60,99.9289,123,100.111,447,99.919,480,100.1207,157,99.9098,372,100.131,285,99.8989,227,100.1404,477,99.8895,81,100.1504,151,99.8789,348,100.1609,194,0.1013
1751798544273675968,99.9657,254,100.0699,238,99.9557,114,100.0804,20,99.9448,341,100.0896,251,99.9357,85,100.1001,177,99.9254,479,100.1096,347,99.9153,93,100.1202,448,99.9052,313,100.1301,60,99.8957,112,100.1406,328,99.8856,430,100.1504,225,99.8756,456,100.1604,440,0.1042
1751798544273775968,99.9612,128,100.0723,354,99.9515,292,100.0822,32,99.9417,391,100.0928,26,99.9316,477,100.102,431,99.9216,106,100.1126,490,99.911,329,100.1229,381,99.9009,180,100.133,23,99.8912,247,100.1427,299,99.8808,133,100.1522,496,99.8714,311,100.163,398,0.1111
1751798544273875968,99.9593,117,100.0683,475,99.949,342,100.0781,205,99.9395,326,100.0882,90,99.9288,462,100.0977,95,99.9194,199,100.1082,198,99.9094,121,100.1175,71,99.8993,492,100.1279,416,99.8892,25,100.138,441,99.8789,408,100.1475,244,99.869,292,100.1579,498,0.109
1751798544273975968,99.9579,252,100.0642,336,99.9475,81,100.0743,198,99.938,468,100.0841,343,99.9277,187,100.0946,55,99.9173,362,100.1045,218,99.9079,244,100.1142,203,99.8974,339,100.125,91,99.8878,456,100.1346,351,99.8775,105,100.1444,288,99.8677,465,100.1541,445,0.1063
1751798544274075968,99.9531,63,100.0661,77,99.9432,434,100.0762,158,99.934,21,100.0861,422,99.9239,270,100.0963,394,99.9137,499,100.1059,277,99.9032,142,100.116,335,99.8938,388,100.1265,210,99.8839,275,100.1361,98,99.8738,437,100.146,23,99.8637,191,100.1567,204,0.113
1751798544274175968,99.9515,21,100.0668,303,99.942,93,100.0767,13,99.9317,486,100.0868,390,99.9221,395,100.0972,312,99.912,372,100.1067,164,99.9014,252,100.1169,227,99.8924,166,100.1266,114,99.8821,68,100.1366,330,99.8714,199,100.1464,52,99.8623,190,100.1572,49,0.1153
1751798544274275968,99.9481,461,100.0687,91,99.9376,23,100.0788,206,99.9283,340,100.0891,135,99.9177,195,100.0991,260,99.9079,37,100.1096,59,99.8982,345,100.1187,456,99.8883,372,100.1289,129,99.8779,374,100.1396,167,99.8683,208,100.1496,137,99.8582,261,100.159,308,0.1206
1751798544274375968,99.9435,68,100.069,431,99.9328,241,100.0786,246,99.9232,461,100.0889,396,99.9133,22,100.0993,242,99.9033,329,100.109,18,99.8931,369,100.1191,411,99.883,197,100.1294,303,99.8736,148,100.1386,45,99.8627,126,100.1495,65,99.8529,209,100.1593,233,0.1255
1751798544274475968,99.9387,189,100.0667,84,99.9283,74,100.0765,220,99.9187,174,100.0864,444,99.9084,41,100.0968,242,99.8987,327,100.1063,138,99.8882,300,100.1168,36,99.8785,186,100.1267,191,99.8682,197,100.1365,312,99.8582,275,100.1471,411,99.8481,470,100.1571,102,0.128
1751798544274575968,99.9353,122,100.0673,309,99.9254,135,100.077,53,99.9154,374,100.0871,62,99.9061,164,100.0968,355,99.8961,187,100.1069,116,99.8856,304,100.1168,201,99.8753,278,100.1268,40,99.8654,376,100.1368,47,99.8558,247,100.1468,263,99.846,244,100.1573,110,0.132
1751798544274675968,99.931,138,100.0676,265,99.9209,363,100.0781,183,99.9113,416,100.0878,447,99.9007,77,100.0982,421,99.8912,118,100.108,14,99.8814,477,100.1181,464,99.8716,254,100.1281,185,99.8613,371,100.1382,455,99.8508,138,100.1481,10,99.8415,464,100.1575,250,0.1366
1751798544274775968,99.9312,196,100.0712,485,99.9217,315,100.0812,144,99.9121,136,100.0911,379,99.9022,460,100.1015,207,99.8916,392,100.1114,363,99.8818,40,100.1216,20,99.8716,70,100.1316,107,99.8621,288,100.1408,144,99.8521,104,100.1506,235,99.8417,100,100.1608,187,0.14
1751798544274875968,99.933,257,100.0755,185,99.9227,498,100.0857,482,99.9123,421,100.096,209,99.9027,217,100.1057,85,99.8927,443,100.1159,95,99.8821,247,100.1258,463,99.8727,232,100.1355,21,99.8627,198,100.1452,118,99.8527,238,100.1557,184,99.8421,112,100.1659,142,0.1425
1751798544274975968,99.9295,444,100.0778,62,99.9195,395,100.0884,194,99.9097,336,100.0983,281,99.8995,117,100.1078,366,99.8899,180,100.1182,54,99.8795,291,100.1276,55,99.8695,362,100.1375,196,99.8593,261,100.1478,417,99.8494,183,100.1581,86,99.8393,40,100.1678,196,0.1483
1751798544275075968,99.9334,407,100.075,296,99.9229,58,100.0853,154,99.9135,164,100.0952,194,99.9034,205,100.1047,469,99.893,491,100.1148,194,99.8833,34,100.1245,153,99.8732,482,100.1348,434,99.8632,177,100.1443,12,99.8528,258,100.1545,28,99.8429,99,100.165,15,0.1416
1751798544275175968,99.9324,97,100.0696,281,99.9224,96,100.0798,137,99.913,273,100.0898,189,99.9024,259,100.1001,214,99.8921,67,100.1094,194,99.8824,123,100.1202,330,99.8724,274,100.1301,172,99.8625,109,100.14,360,99.8526,237,100.1499,398,99.8427,349,100.1595,445,0.1372
1751798544275275968,99.9314,391,100.0681,244,99.9214,482,100.0778,344,99.9114,60,100.0882,52,99.9019,244,100.0985,136,99.8918,199,100.108,345,99.8815,380,100.1183,445,99.8719,333,100.1287,297,99.8618,110,100.138,256,99.8521,170,100.1479,96,99.8419,101,100.1579,189,0.1367
1751798544275375968,99.9315,368,100.0672,51,99.9219,269,100.0775,382,99.9115,394,100.0873,213,99.9021,315,100.0968,233,99.8921,355,100.1073,278,99.8817,309,100.1171,187,99.8724,211,100.1275,234,99.8617,273,100.1367,256,99.8519,369,100.1476,75,99.8414,167,100.1569,28,0.1357
1751798544275475968,99.9292,262,100.0644,194,99.9186,455,100.0743,431,99.9088,448,100.0839,498,99.8989,429,100.0939,106,99.8892,298,100.1045,304,99.8784,153,100.1139,147,99.8688,42,100.1239,394,99.8586,178,100.1346,317,99.8487,111,100.144,137,99.8389,346,100.1539,77,0.1352
1751798544275575968,99.9321,182,100.0594,152,99.9228,452,100.0698,10,99.9127,406,100.0797,484,99.9027,326,100.0897,13,99.8923,365,100.0995,241,99.882,461,100.1091,109,99.873,353,100.1191,99,99.8622,469,100.1299,305,99.8526,245,100.1396,455,99.843,12,100.149,239,0.1273
1751798544275675968,99.9285,396,100.0626,164,99.9191,260,100.0727,39,99.9088,238,100.0826,180,99.8988,249,100.092,25,99.889,371,100.1028,477,99.8793,400,100.1127,487,99.8687,359,100.1223,33,99.8593,51,100.1323,53,99.8488,274,100.1419,302,99.8388,347,100.1526,452,0.1341
1751798544275775968,99.925,396,100.0591,35,99.9143,22,100.0685,28,99.9044,274,100.0785,385,99.8951,199,100.0888,22,99.8845,387,100.0993,449,99.8748,34,100.1088,329,99.8652,198,100.1184,443,99.8551,478,100.1285,442,99.8449,469,100.1384,25,99.8347,286,100.1494,67,0.1341
1751798544275875968,99.9249,95,100.0552,368,99.9151,157,100.0652,252,99.9052,295,100.0755,427,99.8954,499,100.0857,413,99.8848,18,100.095,50,99.8747,28,100.1052,98,99.8647,405,100.1152,208,99.8549,119,100.1249,262,99.8447,273,100.1357,292,99.835,417,100.1454,68,0.1303
1751798544275975968,99.9243,161,100.059,178,99.9151,276,100.0692,401,99.9041,317,100.0786,487,99.8941,429,100.0889,327,99.8849,148,100.0992,222,99.8748,18,100.1091,288,99.865,18,100.1185,348,99.8549,143,100.1289,174,99.8446,499,100.1385,228,99.8348,38,100.149,270,0.1347
1751798544276075968,99.9263,171,100.0545,41,99.9163,404,100.0647,494,99.9063,471,100.0752,424,99.8958,324,100.0847,216,99.8864,344,100.0944,405,99.8757,384,100.1044,395,99.866,209,100.1151,228,99.8565,27,100.1252,479,99.8457,461,100.1344,189,99.836,17,100.145,42,0.1282
1751798544276175968,99.9277,474,100.0517,304,99.9174,164,100.062,472,99.9073,266,100.0714,51,99.8969,165,100.082,318,99.8876,445,100.0917,262,99.8769,276,100.1017,363,99.8671,425,100.1115,385,99.8575,338,100.122,197,99.8468,214,100.1316,24,99.837,339,100.1422,124,0.124
1751798544276275968,99.9231,42,100.0493,396,99.9132,113,100.0585,408,99.9039,48,100.0689,282,99.8933,291,100.0785,171,99.8836,483,100.0892,266,99.8732,494,100.0992,73,99.8637,356,100.1092,288,99.854,250,100.1188,31,99.8432,414,100.1293,313,99.8332,210,100.1387,188,0.1262
1751798544276375968,99.9257,291,100.0468,214,99.9153,159,100.0566,73,99.9051,226,100.0666,376,99.8953,149,100.0766,285,99.8851,436,100.0871,299,99.8754,56,100.0967,260,99.8653,50,100.1074,487,99.855,273,100.1174,414,99.8456,160,100.1275,248,99.8352,62,100.137,307,0.1211
1751798544276475968,99.9289,458,100.0507,35,99.9186,473,100.0606,268,99.9085,46,100.0712,298,99.8984,74,100.0804,37,99.8889,60,100.0907,422,99.8782,321,100.1011,58,99.8685,261,100.1107,121,99.8584,214,100.1212,423,99.849,380,100.1312,127,99.8384,479,100.1412,494,0.1218
1751798544276575968,99.9261,122,100.0494,491,99.9156,263,100.0594,457,99.9062,424,100.0698,127,99.8956,140,100.0799,396,99.8854,84,100.0894,145,99.8762,485,100.1,306,99.8655,389,100.1095,112,99.8555,197,100.1195,454,99.8462,87,100.1302,320,99.8358,255,100.1398,354,0.1233
1751798544276675968,99.9219,438,100.0531,185,99.9116,240,100.0627,149,99.9018,37,100.0728,137,99.8914,232,100.0828,122,99.8817,355,100.0924,172,99.8711,114,100.1023,140,99.8615,117,100.1127,302,99.8511,286,100.1223,34,99.8413,265,100.1327,48,99.8319,382,100.1423,287,0.1312
1751798544276775968,99.9194,358,100.0527,82,99.9094,251,100.0632,249,99.8994,122,100.0726,41,99.8892,185,100.0832,233,99.8785,416,100.0932,173,99.8691,425,100.1025,112,99.8592,225,100.1124,356,99.8494,28,100.1228,262,99.8389,131,100.1331,42,99.8294,429,100.1431,47,0.1333
1751798544276875968,99.9165,131,100.0551,412,99.9059,157,100.065,214,99.8958,362,100.0755,295,99.886,230,100.0852,235,99.8764,27,100.0953,178,99.8659,181,100.1053,162,99.8563,279,100.1151,66,99.8463,183,100.125,477,99.8364,280,100.1353,167,99.8257,339,100.1451,259,0.1386
1751798544276975968,99.9201,135,100.0602,49,99.91,355,100.0702,356,99.8998,62,100.0795,25,99.89,32,100.0894,254,99.8796,468,100.0995,364,99.8696,376,100.1102,331,99.8595,473,100.1196,394,99.8502,153,100.1294,264,99.8404,110,100.1402,136,99.8294,165,100.1494,408,0.1401
1751798544277075968,99.9167,15,100.0577,149,99.9066,225,100.0685,64,99.8963,387,100.078,373,99.8858,111,100.0881,461,99.8758,321,100.0981,170,99.8659,138,100.1081,422,99.8559,437,100.118,388,99.8457,478,100.1281,303,99.8365,477,100.138,21,99.8263,99,100.1483,398,0.141
1751798544277175968,99.9205,370,100.0565,197,99.9105,42,100.0657,35,99.9002,439,100.0759,86,99.8905,234,100.0865,397,99.8804,49,100.0962,153,99.8708,361,100.1056,486,99.8601,23,100.1158,91,99.8505,274,100.1263,433,99.8401,20,100.1359,29,99.8302,291,100.1463,440,0.136
1751798544277275968,99.9162,310,100.0561,443,99.9059,204,100.0662,15,99.8962,349,100.0753,344,99.8857,43,100.0862,448,99.8761,492,100.096,450,99.8656,14,100.1055,194,99.8556,242,100.1157,76,99.8458,365,100.1259,337,99.8359,484,100.1356,249,99.8254,357,100.1458,442,0.1399
1751798544277375968,99.9209,142,100.054,174,99.9107,457,100.0646,459,99.9002,107,100.0745,295,99.8908,379,100.0846,211,99.8803,385,100.0944,309,99.8709,80,100.1037,55,99.8604,76,100.1144,119,99.8507,167,100.1238,219,99.8405,128,100.1342,290,99.8307,157,100.1441,152,0.1331
1751798544277475968,99.9174,69,100.0543,351,99.9067,286,100.0645,128,99.897,62,100.0752,465,99.8866,372,100.0851,318,99.8769,77,100.0946,213,99.867,124,100.1045,381,99.8567,368,100.1143,12,99.8471,47,100.1247,18,99.8369,149,100.1346,305,99.8266,321,100.1451,335,0.1369
1751798544277575968,99.9182,315,100.0588,195,99.9084,187,100.0692,166,99.8982,386,100.0786,293,99.8884,167,100.0893,339,99.8783,464,100.0989,82,99.8684,13,100.1089,350,99.8587,66,100.1192,353,99.8481,484,100.1293,157,99.8386,237,100.1388,295,99.8278,218,100.1491,265,0.1406
1751798544277675968,99.9166,162,100.062,174,99.9068,171,100.0723,437,99.8963,199,100.0816,349,99.8863,139,100.0923,57,99.8768,331,100.1024,147,99.8661,261,100.1121,16,99.8565,41,100.122,332,99.8466,92,100.1325,367,99.836,291,100.1425,32,99.8262,188,100.1518,176,0.1454
1751798544277775968,99.9124,37,100.0646,258,99.9019,410,100.0751,74,99.8923,22,100.0845,354,99.8814,58,100.0953,440,99.8722,219,100.1053,20,99.8617,61,100.1147,416,99.8516,425,100.1253,422,99.8421,113,100.1352,308,99.8322,175,100.1449,100,99.8222,247,100.1548,489,0.1522
1751798544277875968,99.9109,418,100.0596,392,99.9007,395,100.0703,65,99.8909,455,100.0802,63,99.8811,133,100.0896,92,99.8706,62,100.1005,374,99.861,123,100.1096,27,99.8508,257,100.1197,316,99.8407,455,100.1295,274,99.8304,203,100.1399,35,99.821,272,100.1504,86,0.1487
1751798544277975968,99.9089,14,100.0549,256,99.899,261,100.0653,216,99.8889,433,100.0749,184,99.8785,224,100.0847,202,99.8682,321,100.0953,98,99.8586,223,100.1048,44,99.8486,432,100.115,97,99.8383,467,100.1253,62,99.8287,111,100.1351,23,99.8184,219,100.1453,198,0.146
1751798544278075968,99.9114,244,100.0583,66,99.9009,464,100.0684,442,99.8909,333,100.0779,20,99.8809,123,100.0879,474,99.8707,490,100.0979,159,99.8604,39,100.1079,348,99.8506,310,100.1177,156,99.8413,420,100.1279,216,99.831,355,100.1379,103,99.8208,470,100.1485,452,0.1469
1751798544278175968,99.9079,202,100.0617,86,99.8981,193,100.0717,205,99.888,282,100.0821,145,99.8783,424,100.0916,301,99.8681,248,100.1017,449,99.8584,112,100.1119,306,99.8477,177,100.1214,499,99.8377,75,100.1319,63,99.8284,323,100.1414,160,99.8181,176,100.1515,360,0.1538
1751798544278275968,99.9074,226,100.0599,218,99.8971,464,100.0706,387,99.8876,82,100.08,102,99.8778,73,100.0903,139,99.8672,456,100.0999,284,99.8571,67,100.1102,142,99.8473,490,100.1202,307,99.8376,362,100.1299,121,99.8277,474,100.1401,189,99.8173,398,100.1501,167,0.1525
1751798544278375968,99.9048,44,100.0649,490,99.8949,176,100.0747,304,99.8847,75,100.0845,194,99.8746,398,100.0949,449,99.8646,222,100.1044,157,99.8548,424,100.1144,443,99.8447,181,100.1245,265,99.8352,46,100.1351,167,99.8246,342,100.1442,285,99.8147,468,100.1544,498,0.1601
1751798544278475968,99.9013,472,100.0636,238,99.8911,405,100.0739,92,99.8819,129,100.083,495,99.8712,407,100.0938,478,99.8614,393,100.103,90,99.8513,44,100.1136,286,99.8412,21,100.1231,146,99.8318,431,100.1333,411,99.8218,276,100.1433,398,99.811,210,100.1534,317,0.1623
1751798544278575968,99.8991,334,100.0659,353,99.8894,189,100.0754,188,99.8791,160,100.0857,55,99.8691,496,100.0954,446,99.8599,241,100.1051,20,99.8492,430,100.1159,228,99.8391,37,100.1252,349,99.8299,37,100.1357,17,99.8199,196,100.1458,301,99.8092,33,100.1553,245,0.1668
1751798544278675968,99.8976,70,100.0613,491,99.8869,14,100.0712,293,99.8769,117,100.081,229,99.8673,45,100.0903,50,99.8574,61,100.1003,250,99.8477,103,100.1104,181,99.8372,325,100.1204,43,99.8272,241,100.1305,453,99.8174,493,100.1408,194,99.8078,13,100.1513,227,0.1637
1751798544278775968,99.8987,275,100.0623,34,99.8883,221,100.0716,445,99.8787,40,100.0819,79,99.8685,373,100.0921,224,99.8589,420,100.1019,457,99.8486,226,100.1115,340,99.8384,218,100.1219,407,99.8284,359,100.1314,224,99.8188,474,100.1421,128,99.8086,134,100.1514,458,0.1636
1751798544278875968,99.903,337,100.0613,311,99.8932,480,100.0713,127,99.8832,149,100.0811,17,99.8729,291,100.0918,494,99.863,267,100.1012,415,99.8531,86,100.112,223,99.8434,319,100.1214,11,99.8336,47,100.1314,287,99.8233,350,100.1412,305,99.8136,247,100.1519,227,0.1583
1751798544278975968,99.9045,408,100.0661,156,99.8939,239,100.0759,383,99.8837,378,100.0858,21,99.8744,212,100.0958,26,99.8643,319,100.1055,153,99.8542,444,100.1158,200,99.8443,208,100.126,399,99.8342,81,100.1356,178,99.8244,447,100.1455,337,99.8137,123,100.1559,366,0.1616
1751798544279075968,99.9069,26,100.0628,51,99.8969,335,100.0725,120,99.8871,414,100.0825,183,99.8771,447,100.0921,165,99.8674,217,100.1028,224,99.8572,258,100.113,98,99.8475,241,100.1224,421,99.8367,349,100.1323,149,99.8277,394,100.1428,237,99.8168,409,100.1527,287,0.1559
1751798544279175968,99.9035,78,100.0592,122,99.8935,488,100.0692,56,99.8839,353,100.0791,377,99.8738,38,100.0893,483,99.8634,231,100.0986,98,99.8541,404,100.109,51,99.8431,177,100.1191,422,99.8334,161,100.1288,105,99.8234,326,100.1393,160,99.8133,94,100.1494,303,0.1557
1751798544279275968,99.9018,230,100.0613,68,99.8918,340,100.0712,410,99.8823,467,100.0804,279,99.8717,55,100.0907,481,99.8625,391,100.1008,42,99.8519,458,100.1105,121,99.8426,280,100.1211,18,99.8324,301,100.1307,164,99.8219,90,100.1407,30,99.8121,255,100.1513,450,0.1595
1751798544279375968,99.8973,115,100.0605,309,99.8875,164,100.0706,459,99.8774,319,100.0798,204,99.8674,434,100.0907,239,99.8579,247,100.1001,61,99.8477,153,100.1101,65,99.8377,24,100.1201,344,99.827,349,100.1308,105,99.817,376,100.1406,159,99.8077,413,100.1501,464,0.1632
1751798544279475968,99.8976,446,100.0598,166,99.8867,116,100.0706,186,99.8767,99,100.0807,191,99.8669,487,100.09,43,99.8568,120,100.0998,333,99.8474,316,100.1099,183,99.8376,199,100.1199,455,99.8268,434,100.1307,416,99.8171,80,100.14,409,99.8069,455,100.1499,211,0.1622
1751798544279575968,99.8966,310,100.0604,116,99.8873,190,100.0711,393,99.8775,359,100.081,383,99.8674,286,100.0904,431,99.8572,378,100.1007,210,99.8469,363,100.1107,259,99.8369,356,100.1207,254,99.827,466,100.1303,472,99.8166,309,100.1408,156,99.8075,252,100.1511,497,0.1638
1751798544279675968,99.8957,97,100.0586,383,99.8861,109,100.0694,105,99.8755,265,100.0787,263,99.8662,143,100.0886,94,99.8563,153,100.0992,173,99.8456,260,100.1094,210,99.8363,25,100.1188,31,99.8258,137,100.1292,279,99.8162,82,100.1391,235,99.8058,80,100.1492,374,0.1629
1751798544279775968,99.8921,407,100.0537,263,99.8818,420,100.0644,205,99.8719,438,100.0742,426,99.8619,355,100.0838,89,99.8519,206,100.0941,448,99.8417,301,100.1039,130,99.832,152,100.1143,82,99.8214,280,100.1243,224,99.8115,219,100.1344,55,99.8015,178,100.1441,256,0.1616
1751798544279875968,99.8871,302,100.0566,16,99.877,487,100.0662,377,99.867,114,100.0764,144,99.8579,320,100.0866,29,99.8472,427,100.0961,145,99.8373,385,100.1065,243,99.8274,211,100.1164,450,99.8175,158,100.1267,262,99.8071,432,100.1359,70,99.7977,395,100.1464,265,0.1695
1751798544279975968,99.8873,71,100.0524,390,99.8777,349,100.0619,365,99.8674,20,100.0724,248,99.8582,318,100.0823,28,99.8474,94,100.0921,138,99.838,257,100.1028,482,99.8281,84,100.1124,86,99.8176,272,100.1224,230,99.8078,85,100.1321,381,99.798,308,100.1425,443,0.1651
1751798544280075968,99.8879,159,100.0548,355,99.8773,390,100.0643,110,99.8675,44,100.0749,332,99.8578,470,100.0852,346,99.8473,261,100.0949,451,99.8371,486,100.1043,127,99.8275,196,100.1149,71,99.8173,212,100.1248,444,99.8078,452,100.135,469,99.7974,441,100.1443,108,0.1669
1751798544280175968,99.8904,63,100.0529,234,99.8798,255,100.0633,111,99.8697,136,100.0735,16,99.8603,64,100.0833,282,99.8501,30,100.0928,42,99.8405,211,100.1028,118,99.8302,319,100.1127,68,99.8201,210,100.123,76,99.8102,46,100.1332,45,99.7997,350,100.1432,299,0.1625
1751798544280275968,99.8943,356,100.0577,186,99.8843,391,100.0677,466,99.8739,459,100.0777,134,99.8642,448,100.0876,165,99.8546,382,100.0976,346,99.8441,361,100.1081,167,99.8337,180,100.1176,408,99.8242,375,100.1274,234,99.8146,186,100.1378,407,99.8037,260,100.1476,225,0.1634
1751798544280375968,99.8957,134,100.0587,101,99.8857,376,100.0686,332,99.8759,449,100.0787,271,99.8658,34,100.0888,247,99.8555,367,100.0982,167,99.8455,126,100.1082,369,99.8361,315,100.1182,188,99.8258,315,100.1286,479,99.8159,134,100.1384,311,99.8057,411,100.1481,92,0.163
1751798544280475968,99.8984,115,100.0617,13,99.8882,446,100.0719,118,99.878,339,100.082,49,99.8679,413,100.0925,126,99.8581,277,100.1022,109,99.8478,238,100.1125,460,99.8379,334,100.1221,224,99.8283,477,100.1324,72,99.818,177,100.1419,463,99.8081,409,100.1521,284,0.1633
1751798544280575968,99.9015,420,100.0657,381,99.8916,187,100.0753,203,99.8809,442,100.0855,35,99.8712,92,100.0953,283,99.8617,288,100.1053,333,99.8509,126,100.1151,198,99.8409,321,100.126,445,99.8313,355,100.1355,392,99.8214,342,100.1455,160,99.8109,97,100.1554,154,0.1642
1751798544280675968,99.9008,64,100.0642,311,99.8904,47,100.0747,343,99.8804,328,100.0843,231,99.8703,254,100.0947,241,99.8608,440,100.1048,325,99.8504,295,100.1145,264,99.8404,407,100.1241,114,99.8307,41,100.1349,195,99.8211,436,100.1446,391,99.8104,488,100.1542,387,0.1634
1751798544280775968,99.9041,24,100.0636,436,99.8946,340,100.074,79,99.884,306,100.084,284,99.8741,13,100.0934,475,99.8648,336,100.1032,398,99.8547,411,100.1137,383,99.8442,397,100.1239,220,99.8348,200,100.1331,99,99.8244,44,100.1438,496,99.8145,23,100.1536,470,0.1595
1751798544280875968,99.9062,446,100.0623,303,99.8956,476,100.0719,161,99.8864,141,100.0824,54,99.8761,23,100.0922,426,99.866,240,100.1026,225,99.8565,192,100.1121,10,99.8456,147,100.1224,411,99.8359,476,100.1326,157,99.8257,450,100.1424,76,99.816,468,100.1519,272,0.1561
1751798544280975968,99.9057,132,100.0662,426,99.8964,75,100.0762,280,99.8857,23,100.0861,474,99.8759,141,100.096,308,99.8658,113,100.1063,164,99.856,340,100.1164,72,99.846,256,100.1262,387,99.836,56,100.1361,275,99.826,303,100.1463,486,99.8163,61,100.1566,469,0.1605
1751798544281075968,99.909,82,100.0672,48,99.8994,155,100.077,16,99.8895,320,100.0877,77,99.8795,140,100.0978,173,99.8691,453,100.1073,353,99.8595,420,100.1173,408,99.8498,89,100.1272,225,99.8391,104,100.1374,491,99.8297,60,100.1477,93,99.8195,387,100.1573,291,0.1582
1751798544281175968,99.9131,81,100.0691,347,99.9026,398,100.0787,411,99.8928,37,100.0889,44,99.8832,263,100.0989,19,99.8732,223,100.1089,401,99.8628,105,100.1189,303,99.853,206,100.129,209,99.8423,427,100.1388,14,99.8328,283,100.1487,241,99.8228,316,100.1591,243,0.156
1751798544281275968,99.9117,168,100.0722,256,99.9019,57,100.0818,81,99.8923,148,100.0917,346,99.8822,23,100.1017,236,99.8719,364,100.1122,235,99.8616,267,100.1218,10,99.8519,193,100.1317,375,99.8421,90,100.142,82,99.8315,194,100.1525,472,99.822,131,100.1623,10,0.1605
1751798544281375968,99.9124,173,100.0762,223,99.9021,228,100.0861,140,99.8916,136,100.0965,452,99.8815,155,100.1062,257,99.8723,21,100.1163,416,99.8617,349,100.1265,73,99.8518,488,100.1367,367,99.8421,325,100.1461,342,99.8324,242,100.1561,277,99.822,440,100.1669,381,0.1638
1751798544281475968,99.9168,229,100.0804,139,99.9065,220,100.0913,44,99.8965,385,100.1008,111,99.8866,493,100.111,172,99.8765,458,100.121,83,99.8665,214,100.1304,318,99.857,70,100.1409,121,99.8472,302,100.1508,293,99.8369,269,100.1613,193,99.8262,71,100.1711,432,0.1636
1751798544281575968,99.9194,206,100.0761,372,99.9088,152,100.0858,433,99.8995,199,100.0961,271,99.8896,230,100.1054,188,99.8792,77,100.1161,128,99.8694,396,100.1255,34,99.8589,48,100.1359,329,99.8494,336,100.1461,217,99.8394,263,100.1557,288,99.8289,372,100.1662,449,0.1567
1751798544281675968,99.9162,149,100.0734,424,99.9059,412,100.0839,191,99.8964,277,100.0941,159,99.8859,325,100.1042,340,99.8764,438,100.1135,166,99.8664,238,100.1243,80,99.8557,375,100.1335,238,99.8464,379,100.1435,230,99.8356,118,100.1538,476,99.8257,458,100.1633,67,0.1572
1751798544281775968,99.9157,230,100.0757,462,99.9052,132,100.0857,325,99.8956,97,100.0957,490,99.8851,69,100.1055,131,99.8758,157,100.1155,181,99.8652,419,100.1262,270,99.8558,264,100.1358,13,99.8454,312,100.1458,198,99.8353,67,100.1556,309,99.8257,335,100.1659,299,0.16
1751798544281875968,99.9194,458,100.0755,250,99.9099,321,100.0847,166,99.8996,71,100.0955,481,99.8899,278,100.1053,490,99.8793,179,100.1153,325,99.8696,456,100.1249,337,99.8597,189,100.1354,301,99.8491,77,100.1447,247,99.8397,199,100.1548,446,99.8293,69,100.165,385,0.1561
1751798544281975968,99.9247,211,100.0791,425,99.9143,83,100.0892,492,99.9045,39,100.0989,486,99.8949,189,100.1087,187,99.8841,21,100.1188,351,99.8744,124,100.129,217,99.8645,408,100.1386,494,99.8541,432,100.1486,323,99.8448,110,100.1589,274,99.8345,405,100.1691,386,0.1544
1751798544282075968,99.9263,248,100.0831,28,99.9162,75,100.0941,324,99.9063,306,100.1038,279,99.8964,442,100.1135,241,99.8866,56,100.1238,131,99.876,299,100.1331,25,99.8667,158,100.1441,192,99.8565,193,100.1537,330,99.8465,354,100.1635,452,99.8369,375,100.174,323,0.1568
1751798544282175968,99.9221,487,100.0882,189,99.9114,164,100.0976,48,99.9019,166,100.1077,50,99.8912,317,100.118,340,99.8814,135,100.1275,217,99.8716,244,100.1377,166,99.8619,484,100.1482,280,99.8518,386,100.1573,155,99.8416,238,100.1677,333,99.8314,250,100.1774,238,0.1661
1751798544282275968,99.9231,203,100.0839,182,99.9132,275,100.0938,484,99.9029,125,100.1038,228,99.8934,365,100.1131,194,99.8834,465,100.1231,196,99.8732,29,100.1335,251,99.8634,294,100.1439,356,99.8526,496,100.154,372,99.8435,56,100.1631,223,99.8332,179,100.174,152,0.1608
1751798544282375968,99.9194,474,100.086,412,99.9094,246,100.0959,251,99.8993,252,100.1062,353,99.8893,77,100.116,32,99.8793,449,100.1261,64,99.8695,293,100.1361,74,99.8598,401,100.1459,53,99.8498,262,100.1562,130,99.8392,334,100.1654,358,99.8291,327,100.1755,114,0.1666
1751798544282475968,99.9185,348,100.0835,120,99.9085,108,100.0941,313,99.8984,58,100.1038,393,99.8882,196,100.1132,367,99.878,243,100.1242,498,99.8678,24,100.1337,250,99.8583,65,100.1438,337,99.8478,342,100.1535,77,99.8378,430,100.1635,84,99.8282,417,100.1734,424,0.165
1751798544282575968,99.9155,260,100.0849,285,99.9059,145,100.0955,347,99.8952,451,100.1053,124,99.8851,82,100.1154,363,99.8757,460,100.1247,44,99.8657,206,100.135,496,99.8555,394,100.1451,351,99.845,170,100.155,56,99.8353,203,100.1649,285,99.8252,178,100.1753,390,0.1694
1751798544282675968,99.9167,86,100.0868,343,99.9066,343,100.0962,485,99.8969,178,100.1061,384,99.8868,215,100.1166,187,99.8772,97,100.1265,148,99.8669,88,100.136,263,99.8566,194,100.146,87,99.8468,58,100.1568,29,99.8375,325,100.1666,244,99.8266,454,100.1766,364,0.1701
1751798544282775968,99.9181,342,100.0834,318,99.908,19,100.0936,464,99.8974,401,100.1036,69,99.8882,470,100.114,102,99.8779,456,100.1237,319,99.8679,157,100.1331,427,99.8577,345,100.144,305,99.8481,392,100.1532,180,99.8381,349,100.1636,469,99.8275,65,100.1734,456,0.1653
1751798544282875968,99.9126,86,100.0866,234,99.9027,318,100.0966,479,99.8933,87,100.1068,440,99.8824,464,100.1162,172,99.8728,411,100.127,418,99.8625,46,100.1363,37,99.8533,278,100.1468,26,99.8425,46,100.1561,17,99.8326,68,100.1669,155,99.8233,395,100.1764,400,0.174
1751798544282975968,99.9142,218,100.0858,495,99.9038,377,100.0958,278,99.8937,237,100.1055,215,99.8844,305,100.116,71,99.874,422,100.1256,368,99.8645,403,100.1363,462,99.854,164,100.1463,472,99.8445,21,100.1562,24,99.8344,365,100.1661,287,99.8241,107,100.1755,414,0.1716
1751798544283075968,99.9122,254,100.0846,278,99.9023,328,100.095,423,99.8927,33,100.1053,384,99.883,260,100.1148,470,99.8723,46,100.1254,173,99.8624,55,100.1353,395,99.8523,378,100.1455,327,99.8422,315,100.1553,398,99.8321,218,100.1646,48,99.8228,32,100.1749,445,0.1724
1751798544283175968,99.9076,267,100.09,267,99.8976,437,100.1004,172,99.8879,364,100.1104,58,99.8777,321,100.1203,48,99.8677,427,100.1304,295,99.8573,447,100.1404,228,99.8474,215,100.1497,232,99.8381,180,100.1601,163,99.8271,331,100.1697,196,99.8175,178,100.1797,471,0.1824
1751798544283275968,99.9024,309,100.0906,269,99.8926,96,100.1003,69,99.8831,475,100.1101,106,99.873,354,100.1207,102,99.8624,229,100.1308,87,99.8529,350,100.1406,434,99.8422,225,100.1508,386,99.8326,483,100.1601,403,99.823,230,100.1706,364,99.8123,98,100.1807,254,0.1882
1751798544283375968,99.8975,261,100.0858,337,99.888,119,100.0961,140,99.8776,457,100.1062,23,99.8678,91,100.1161,55,99.8581,109,100.1263,295,99.8473,117,100.1365,397,99.838,186,100.1465,55,99.8281,340,100.1562,53,99.8174,100,100.1658,467,99.8075,382,100.1764,136,0.1883
1751798544283475968,99.898,189,100.0851,371,99.8881,206,100.0949,267,99.8774,470,100.1048,167,99.8677,95,100.1151,141,99.858,202,100.1245,79,99.8474,454,100.1349,105,99.8381,392,100.1453,133,99.8281,64,100.155,138,99.8174,279,100.1651,71,99.8081,419,100.175,466,0.1871
1751798544283575968,99.8969,93,100.0886,82,99.8866,132,100.0982,13,99.8759,281,100.1082,88,99.8668,360,100.1178,275,99.8559,284,100.1279,168,99.8461,430,100.1379,392,99.8366,214,100.1477,40,99.8263,367,100.1584,490,99.8162,278,100.1685,76,99.8068,200,100.1781,266,0.1917
1751798544283675968,99.8992,400,100.087,152,99.8885,57,100.0967,204,99.8783,214,100.1073,153,99.8686,164,100.1172,219,99.8587,309,100.1276,455,99.8492,25,100.1367,339,99.8391,71,100.1473,460,99.8288,169,100.1572,337,99.819,242,100.1673,423,99.8091,332,100.177,104,0.1878
1751798544283775968,99.8959,437,100.0905,413,99.886,398,100.1004,155,99.8754,280,100.1098,248,99.8658,38,100.1206,320,99.8557,98,100.1304,468,99.8455,470,100.1401,151,99.8361,32,100.1504,147,99.8257,85,100.16,209,99.816,227,100.1699,402,99.8055,353,100.1806,160,0.1946
1751798544283875968,99.8992,411,100.0879,336,99.8892,140,100.0984,433,99.8788,24,100.1082,289,99.8691,496,100.1177,176,99.8591,404,100.1276,427,99.8494,179,100.1383,182,99.839,452,100.1485,140,99.8298,187,100.1586,156,99.8196,83,100.168,451,99.8095,434,100.1779,419,0.1887
1751798544283975968,99.8972,250,100.0887,202,99.8875,415,100.0991,423,99.8766,158,100.1095,125,99.8673,407,100.1193,85,99.8572,217,100.1286,104,99.8466,29,100.1386,39,99.8374,97,100.1492,87,99.8274,464,100.1587,487,99.8169,77,100.169,496,99.8075,373,100.1787,339,0.1915
1751798544284075968,99.8965,441,100.0845,412,99.8871,236,100.0947,236,99.8769,26,100.1051,28,99.867,168,100.1143,180,99.8566,130,100.125,483,99.8465,118,100.1346,443,99.8366,177,100.145,425,99.8265,204,100.1543,13,99.8164,462,100.1642,227,99.8069,158,100.1746,427,0.188
1751798544284175968,99.8991,182,100.0793,199,99.8894,385,100.0899,152,99.8797,237,100.0999,494,99.8697,87,100.1102,302,99.8595,141,100.1195,52,99.849,108,100.1295,458,99.8393,261,100.1401,310,99.8293,391,100.1502,396,99.8193,484,100.1597,411,99.809,53,100.1694,315,0.1802
1751798544284275968,99.8952,282,100.08,234,99.8852,112,100.0892,210,99.8755,325,100.0992,492,99.8655,259,100.11,284,99.8557,375,100.12,353,99.8453,86,100.1291,321,99.835,181,100.1393,451,99.825,107,100.15,169,99.8155,23,100.16,54,99.8049,257,100.1698,495,0.1848
1751798544284375968,99.8963,122,100.0744,109,99.8868,107,100.0846,14,99.8769,195,100.0947,90,99.8667,337,100.1043,316,99.8567,208,100.1151,190,99.8464,208,100.1251,64,99.8365,72,100.1345,283,99.8264,134,100.145,420,99.8164,237,100.155,106,99.8066,257,100.1644,173,0.1781
1751798544284475968,99.8949,391,100.0746,312,99.8847,102,100.0846,51,99.8748,148,100.0947,260,99.8645,366,100.1047,162,99.8545,335,100.1149,299,99.8449,19,100.1248,456,99.8343,451,100.1348,385,99.8241,430,100.1445,209,99.815,416,100.1548,110,99.8042,269,100.1646,59,0.1797
1751798544284575968,99.8943,375,100.0711,21,99.8846,242,100.081,388,99.8746,356,100.0907,212,99.8648,444,100.1013,76,99.8545,26,100.1113,239,99.8442,209,100.1205,491,99.8341,332,100.1309,478,99.8248,314,100.1406,217,99.8144,131,100.1509,123,99.8043,331,100.1611,171,0.1768
1751798544284675968,99.8959,235,100.0751,263,99.8856,90,100.0853,250,99.8764,321,100.0958,182,99.8666,386,100.1051,315,99.8563,127,100.1154,394,99.8465,175,100.1255,346,99.8358,40,100.1356,51,99.8263,12,100.1451,64,99.8162,246,100.1555,466,99.8062,205,100.1654,226,0.1792
1751798544284775968,99.8999,211,100.0725,114,99.8896,22,100.0827,194,99.8798,13,100.0924,70,99.8697,95,100.1017,221,99.8601,362,100.1121,76,99.8499,46,100.1227,373,99.8397,413,100.1322,394,99.8299,110,100.1422,469,99.8199,338,100.152,369,99.8099,230,100.162,399,0.1726
1751798544284875968,99.8985,415,100.0703,98,99.8892,107,100.081,24,99.8789,325,100.0906,440,99.8687,116,100.1011,398,99.8587,258,100.1102,91,99.8488,127,100.1203,494,99.8386,193,100.1308,54,99.8293,418,100.1409,378,99.8187,247,100.1502,245,99.8089,307,100.161,17,0.1718
1751798544284975968,99.9008,142,100.0655,380,99.8905,16,100.0756,39,99.88,196,100.0862,338,99.8702,81,100.0962,328,99.8604,186,100.1054,34,99.8506,447,100.116,32,99.8401,243,100.1262,353,99.8309,27,100.1354,253,99.8207,208,100.1455,97,99.8109,233,100.1556,482,0.1647
1751798544285075968,99.8969,248,100.0692,363,99.8876,465,100.079,390,99.8769,141,100.0892,215,99.8675,42,100.0994,397,99.8574,266,100.1094,56,99.8469,326,100.119,170,99.8372,233,100.1292,330,99.827,463,100.1397,227,99.8167,406,100.1492,232,99.8068,314,100.1592,357,0.1723
1751798544285175968,99.8955,335,100.0728,154,99.8857,361,100.0828,225,99.8756,66,100.0928,213,99.866,465,100.1031,434,99.8556,60,100.1124,131,99.8454,173,100.123,66,99.8359,60,100.1331,349,99.8256,105,100.1432,300,99.8155,263,100.1532,195,99.8058,299,100.1626,397,0.1773
1751798544285275968,99.8999,480,100.0696,11,99.8901,468,100.0797,80,99.8802,54,100.0901,216,99.8695,125,100.0995,141,99.8599,218,100.1098,371,99.8495,357,100.12,170,99.8397,133,100.13,268,99.8293,205,100.1395,152,99.8201,462,100.1501,344,99.81,64,100.1597,384,0.1697
1751798544285375968,99.9023,96,100.0736,170,99.893,90,100.0838,33,99.8827,321,100.0939,86,99.8723,27,100.1035,124,99.8623,467,100.1132,232,99.8531,209,100.1238,482,99.8431,431,100.1338,141,99.8324,169,100.1436,356,99.8229,247,100.1536,153,99.8127,13,100.1635,364,0.1713
1751798544285475968,99.9075,200,100.0736,359,99.8972,488,100.0833,384,99.8874,169,100.0935,55,99.8773,48,100.1035,400,99.8672,378,100.1132,38,99.8573,492,100.1228,239,99.8468,412,100.1331,244,99.8371,178,100.1431,419,99.8268,464,100.1527,86,99.8169,209,100.1635,244,0.1661
1751798544285575968,99.9036,170,100.0734,447,99.894,87,100.0828,263,99.884,223,100.0931,71,99.8739,245,100.1034,261,99.8637,480,100.1127,335,99.8534,210,100.1236,175,99.8433,352,100.1328,10,99.834,253,100.1433,414,99.8232,314,100.1528,306,99.8133,498,100.1628,21,0.1698
1751798544285675968,99.9067,32,100.0769,402,99.8966,399,100.0866,429,99.8867,63,100.0965,266,99.8767,160,100.1065,329,99.8669,388,100.1168,358,99.8567,54,100.126,283,99.8465,496,100.1367,418,99.8368,19,100.1464,217,99.8268,141,100.1569,249,99.8161,365,100.1666,45,0.1702
1751798544285775968,99.9025,191,100.0805,163,99.8923,158,100.0899,495,99.8825,300,100.1004,252,99.8719,388,100.1101,197,99.862,20,100.1203,173,99.8516,403,100.1304,225,99.8422,453,100.1406,71,99.8317,447,100.1498,82,99.8224,284,100.1597,494,99.8124,332,100.1704,74,0.178
1751798544285875968,99.9055,37,100.0783,471,99.8947,322,100.0879,444,99.8856,294,100.0983,330,99.8753,286,100.1083,106,99.8656,61,100.1181,263,99.8556,450,100.1278,12,99.8448,271,100.1382,227,99.8356,413,100.1482,293,99.825,256,100.158,286,99.8156,241,100.168,376,0.1728
1751798544285975968,99.9013,177,100.0764,159,99.8908,83,100.0866,448,99.8816,364,100.0967,483,99.8707,259,100.1066,462,99.861,112,100.117,37,99.8517,24,100.1264,430,99.8407,28,100.1368,440,99.8314,459,100.1466,232,99.8213,145,100.1573,411,99.8108,496,100.1665,411,0.1751
1751798544286075968,99.9037,81,100.0761,449,99.8943,363,100.0862,232,99.8838,145,100.0959,296,99.8736,325,100.1055,415,99.8636,305,100.1161,112,99.8542,314,100.1257,146,99.8435,434,100.1356,159,99.8338,425,100.1455,347,99.8241,56,100.1559,58,99.8135,296,100.1653,72,0.1724
1751798544286175968,99.9058,484,100.0789,262,99.8967,78,100.0883,70,99.8861,239,100.0986,281,99.8764,290,100.1092,242,99.8666,385,100.1184,13,99.8567,261,100.1292,316,99.8464,143,100.139,424,99.8367,494,100.1487,132,99.8261,92,100.1587,12,99.8161,429,100.169,345,0.1731
1751798544286275968,99.9102,314,100.0747,432,99.9003,32,100.0856,452,99.8903,484,100.0954,108,99.8803,216,100.105,101,99.8702,430,100.1149,207,99.8602,416,100.1252,67,99.8501,226,100.1355,38,99.8399,169,100.1456,296,99.8299,170,100.155,181,99.8201,32,100.1654,140,0.1645
1751798544286375968,99.9065,280,100.0752,335,99.8972,276,100.0842,27,99.8867,388,100.0951,38,99.8765,53,100.1043,69,99.8672,299,100.1145,431,99.8567,176,100.1249,157,99.8473,400,100.1343,356,99.8371,324,100.1445,385,99.8273,470,100.1542,368,99.8172,390,100.1648,105,0.1687
1751798544286475968,99.9116,171,100.0719,24,99.9016,408,100.0815,62,99.8918,251,100.0919,432,99.8815,438,100.1014,398,99.8713,132,100.1113,161,99.8613,292,100.1212,330,99.8515,211,100.1314,217,99.8419,296,100.1412,437,99.8317,225,100.1514,494,99.8213,150,100.161,125,0.1603
1751798544286575968,99.9143,67,100.0744,66,99.9038,324,100.0841,178,99.8942,108,100.0947,272,99.884,94,100.1046,44,99.8737,300,100.1144,111,99.8643,164,100.1244,231,99.8545,381,100.1347,202,99.844,24,100.1444,70,99.834,408,100.1546,295,99.8246,176,100.1649,22,0.1601
1751798544286675968,99.9112,13,100.0732,433,99.9017,98,100.0835,273,99.8917,195,100.093,129,99.8813,474,100.1035,472,99.8712,96,100.1134,372,99.8616,470,100.1229,289,99.8517,21,100.1333,219,99.8419,464,100.143,199,99.831,374,100.1528,244,99.8218,219,100.1632,83,0.162
1751798544286775968,99.9101,411,100.0713,402,99.8995,368,100.0811,209,99.8893,13,100.0912,308,99.8793,302,100.1013,451,99.87,61,100.1115,41,99.8601,375,100.1209,231,99.8496,48,100.1312,297,99.8397,157,100.1409,103,99.8295,104,100.1512,412,99.8196,443,100.1608,331,0.1612
1751798544286875968,99.9134,143,100.0701,368,99.9027,302,100.0802,455,99.8924,339,100.0899,100,99.8827,68,100.0996,439,99.8732,292,100.1103,110,99.8628,450,100.12,108,99.8531,31,100.1303,123,99.8432,326,100.1397,316,99.8324,478,100.1501,413,99.8226,381,100.1597,89,0.1567
1751798544286975968,99.9164,103,100.0688,209,99.9071,496,100.0784,321,99.8971,46,100.0886,279,99.8862,395,100.0989,26,99.8764,497,100.1087,262,99.8662,348,100.1182,341,99.8564,85,100.1288,37,99.8469,465,100.1389,34,99.8366,397,100.148,337,99.8265,437,100.1585,403,0.1524
1751798544287075968,99.9127,419,100.0669,303,99.9032,56,100.077,52,99.8931,157,100.0875,108,99.8827,380,100.0974,17,99.8733,404,100.107,353,99.8636,388,100.1175,39,99.8532,411,100.1269,305,99.8431,322,100.1375,63,99.8336,473,100.1474,25,99.823,327,100.1572,61,0.1542
1751798544287175968,99.9157,154,100.0714,13,99.9064,405,100.0818,129,99.8964,222,100.0913,123,99.886,320,100.1017,54,99.8761,447,100.111,133,99.8657,11,100.1216,172,99.8558,285,100.1317,115,99.8466,210,100.1417,283,99.836,35,100.151,90,99.8258,249,100.1619,266,0.1557
1751798544287275968,99.9206,287,100.0667,292,99.9104,273,100.077,377,99.9003,244,100.0868,268,99.8901,191,100.0973,192,99.8806,75,100.1073,91,99.8709,385,100.1167,28,99.8607,323,100.127,255,99.8504,416,100.1365,353,99.8409,267,100.1471,426,99.8301,21,100.1565,72,0.1461
1751798544287375968,99.918,214,100.0651,424,99.9084,128,100.0756,356,99.8986,492,100.085,58,99.8879,77,100.0954,149,99.8786,209,100.1054,296,99.8683,168,100.1154,381,99.8582,438,100.1254,271,99.8482,347,100.135,13,99.8384,63,100.1458,160,99.828,159,100.1558,227,0.1471
1751798544287475968,99.9193,25,100.0694,385,99.9086,97,100.0796,88,99.899,223,100.0895,70,99.8886,276,100.0996,235,99.8793,286,100.1099,319,99.8686,471,100.1193,253,99.8593,459,100.1294,439,99.8492,281,100.1397,40,99.8389,477,100.1493,206,99.8289,279,100.1597,300,0.1501
1751798544287575968,99.9152,435,100.0681,119,99.9046,496,100.0783,127,99.8952,186,100.0876,287,99.8846,424,100.0984,18,99.8747,265,100.1085,27,99.8654,265,100.1183,427,99.8549,488,100.1283,306,99.8451,52,100.1382,279,99.8346,431,100.1483,436,99.8253,101,100.1576,449,0.1529
1751798544287675968,99.9161,448,100.0657,411,99.9056,353,100.0761,117,99.8958,141,100.0855,325,99.8858,201,100.0957,238,99.8755,390,100.1059,395,99.8658,332,100.1159,467,99.8562,368,100.1263,125,99.8452,492,100.1361,145,99.8353,23,100.1459,361,99.8258,395,100.1563,284,0.1496
1751798544287775968,99.9139,293,100.0649,313,99.9036,132,100.0748,221,99.8939,277,100.0853,461,99.8841,36,100.0955,435,99.8739,232,100.1054,399,99.8638,477,100.1153,473,99.8536,448,100.1251,203,99.844,95,100.1351,21,99.8342,32,100.1454,458,99.8237,121,100.1553,333,0.151
1751798544287875968,99.9164,268,100.0648,53,99.9059,294,100.0754,311,99.8961,358,100.085,17,99.8859,265,100.0946,160,99.8764,230,100.1046,237,99.8665,214,100.1152,315,99.8562,318,100.1249,205,99.8458,305,100.135,303,99.8358,325,100.1454,432,99.8266,204,100.1549,317,0.1484
1751798544287975968,99.9179,493,100.0658,390,99.9086,98,100.0755,294,99.8984,98,100.0858,354,99.8883,212,100.0952,353,99.8786,131,100.105,196,99.8683,373,100.115,114,99.8585,142,100.125,334,99.8482,472,100.1351,52,99.8382,467,100.1455,46,99.8283,405,100.1553,106,0.1479
1751798544288075968,99.9165,156,100.0616,488,99.907,19,100.0719,228,99.8963,275,100.0815,196,99.8863,493,100.0917,421,99.8762,435,100.1021,387,99.8665,191,100.1122,257,99.8567,65,100.1219,80,99.8464,112,100.1317,197,99.8365,464,100.1417,499,99.8261,308,100.1523,308,0.1451
1751798544288175968,99.9206,52,100.066,36,99.9105,352,100.0759,221,99.9008,90,100.0863,152,99.89,251,100.0956,207,99.8807,330,100.1056,127,99.8704,444,100.116,249,99.8602,190,100.1257,374,99.8501,453,100.1364,462,99.8409,279,100.1464,263,99.8308,172,100.1556,373,0.1454
1751798544288275968,99.9216,78,100.0662,451,99.9115,146,100.0765,397,99.9022,361,100.0864,18,99.8916,335,100.0966,188,99.8816,70,100.1068,189,99.8718,316,100.1162,88,99.8623,381,100.1265,421,99.8518,52,100.1362,239,99.8418,165,100.147,97,99.8319,412,100.1567,248,0.1446
1751798544288375968,99.9249,350,100.0714,447,99.9148,287,100.081,439,99.9052,179,100.0918,392,99.8949,364,100.1015,15,99.8849,121,100.1111,362,99.875,330,100.1214,115,99.8645,158,100.1311,330,99.8546,167,100.1415,405,99.8444,466,100.1514,369,99.8346,374,100.1615,301,0.1465
1751798544288475968,99.9237,262,100.074,217,99.9136,129,100.0844,281,99.9041,159,100.0942,270,99.8942,294,100.1042,22,99.8838,384,100.1142,246,99.874,253,100.1241,347,99.8644,384,100.1347,247,99.8541,145,100.1442,264,99.8436,377,100.1547,51,99.8341,386,100.1647,424,0.1503
1751798544288575968,99.9204,298,100.0736,491,99.9098,31,100.0836,140,99.9001,434,100.0938,474,99.8898,272,100.1031,89,99.8803,159,100.1132,462,99.8699,38,100.1232,251,99.8604,309,100.1334,477,99.8496,150,100.1438,56,99.8402,472,100.1534,94,99.8301,271,100.1635,372,0.1532
1751798544288675968,99.9183,464,100.0753,43,99.9083,324,100.0852,253,99.8987,433,100.0947,68,99.8887,211,100.1046,379,99.8786,235,100.1152,420,99.8687,365,100.1248,484,99.8587,60,100.1348,54,99.849,219,100.1447,38,99.839,228,100.1548,54,99.8293,360,100.1652,238,0.157
1751798544288775968,99.9199,47,100.0713,22,99.9099,385,100.0815,144,99.8998,314,100.0912,484,99.89,26,100.101,490,99.8802,446,100.1111,410,99.8693,213,100.1213,211,99.8598,405,100.131,270,99.8497,135,100.1411,51,99.8397,116,100.1513,298,99.8302,28,100.1606,26,0.1514
1751798544288875968,99.9197,137,100.0663,253,99.9099,475,100.0765,148,99.8997,112,100.0859,97,99.8899,223,100.096,14,99.8792,389,100.1066,309,99.869,483,100.1158,178,99.8591,265,100.1266,109,99.8492,114,100.1359,34,99.8395,197,100.1465,426,99.8292,185,100.1566,52,0.1466
1751798544288975968,99.9199,314,100.064,235,99.9096,470,100.0742,72,99.8997,344,100.0848,344,99.8899,473,100.0944,337,99.8799,224,100.1043,306,99.8699,132,100.1148,62,99.86,141,100.1244,83,99.8499,91,100.1344,186,99.8399,292,100.1449,55,99.8297,252,100.1547,383,0.1441
1751798544289075968,99.9248,408,100.0634,412,99.9155,254,100.0732,269,99.9053,453,100.0826,38,99.8945,432,100.0928,328,99.8853,322,100.1034,373,99.8749,469,100.113,318,99.8654,291,100.1227,431,99.8551,296,100.1331,67,99.8448,118,100.1427,73,99.8345,156,100.1534,144,0.1386
1751798544289175968,99.9259,79,100.0663,101,99.9157,451,100.0763,416,99.9062,343,100.0859,28,99.8957,355,100.0956,251,99.8864,475,100.1058,90,99.8762,237,100.1163,373,99.8656,315,100.1263,132,99.8559,112,100.1361,339,99.8459,201,100.1462,115,99.8355,330,100.1555,364,0.1404
1751798544289275968,99.9247,345,100.0669,140,99.9147,441,100.0765,353,99.9042,450,100.0865,325,99.8943,252,100.0963,389,99.8848,42,100.1068,217,99.8748,464,100.117,20,99.8651,321,100.1268,403,99.8547,495,100.1369,389,99.8444,176,100.1465,149,99.8347,241,100.1571,291,0.1422
1751798544289375968,99.92,117,100.0702,391,99.9094,254,100.0802,259,99.8999,61,100.0903,402,99.8895,368,100.1009,306,99.8802,491,100.1107,460,99.8696,148,100.1207,355,99.8595,316,100.1302,485,99.8497,404,100.1404,160,99.8402,423,100.1507,155,99.8295,217,100.1608,349,0.1502
1751798544289475968,99.9222,460,100.071,225,99.9128,298,100.081,147,99.9027,411,100.0912,312,99.8928,244,100.1009,278,99.8828,103,100.1116,221,99.8728,154,100.1208,288,99.8627,107,100.1314,394,99.8522,56,100.141,104,99.8423,465,100.1511,115,99.8329,216,100.1609,316,0.1488
1751798544289575968,99.925,44,100.0724,256,99.9153,37,100.0823,67,99.9052,436,100.0924,485,99.8951,124,100.102,253,99.8845,47,100.1119,495,99.8747,334,100.1224,419,99.8651,446,100.1317,273,99.8547,136,100.1423,172,99.8447,150,100.1518,206,99.8347,447,100.1616,237,0.1474
1751798544289675968,99.9224,98,100.0752,142,99.9123,347,100.085,340,99.9015,93,100.0957,187,99.8917,331,100.105,243,99.8822,300,100.1151,19,99.8719,369,100.125,428,99.8621,226,100.1356,211,99.8518,464,100.1452,336,99.8421,428,100.1554,167,99.832,355,100.1658,457,0.1528
1751798544289775968,99.9246,473,100.0716,20,99.9145,231,100.0813,447,99.9045,263,100.0918,95,99.8949,278,100.102,62,99.8852,419,100.1116,190,99.8745,430,100.1217,356,99.8643,464,100.1312,473,99.8545,113,100.1411,99,99.8445,298,100.1518,497,99.8351,221,100.1613,444,0.147
1751798544289875968,99.9243,425,100.07,375,99.914,128,100.0797,249,99.9042,398,100.0894,312,99.8939,355,100.0996,472,99.8842,249,100.1092,237,99.8738,441,100.1192,158,99.8638,130,100.1298,380,99.8545,437,100.1394,283,99.8445,184,100.1497,21,99.8344,297,100.1597,370,0.1457
1751798544289975968,99.9238,361,100.0671,237,99.9136,133,100.0771,428,99.9039,132,100.0864,219,99.8938,469,100.0972,203,99.8843,238,100.107,59,99.8736,475,100.1166,410,99.8636,123,100.1267,60,99.8544,231,100.1366,417,99.8436,474,100.1465,485,99.8341,186,100.1569,77,0.1433
1751798544290075968,99.9253,312,100.0697,87,99.9149,399,100.0792,374,99.9056,56,100.0893,248,99.895,74,100.0997,306,99.8858,275,100.1093,419,99.8754,357,100.1195,243,99.8656,256,100.1289,331,99.8559,476,100.1389,145,99.8455,392,100.1493,498,99.8355,212,100.159,231,0.1444
1751798544290175968,99.9229,398,100.0723,288,99.9132,144,100.0817,179,99.9033,261,100.0918,193,99.8928,297,100.1021,54,99.8831,488,100.112,153,99.8733,212,100.1223,401,99.8635,177,100.1325,103,99.8536,114,100.1421,422,99.8433,18,100.1515,250,99.8336,225,100.1622,118,0.1494
1751798544290275968,99.92,289,100.0731,188,99.9095,73,100.0838,107,99.8995,414,100.0937,385,99.8897,157,100.1034,276,99.8796,25,100.1134,469,99.8698,77,100.1232,186,99.8594,253,100.1334,84,99.8498,144,100.1433,253,99.8397,179,100.1532,312,99.8293,93,100.1631,277,0.1531
1751798544290375968,99.9233,12,100.0712,158,99.9133,89,100.0816,12,99.9028,449,100.0914,361,99.8932,198,100.1006,14,99.8833,498,100.111,260,99.8728,384,100.1208,159,99.8633,46,100.1307,328,99.8531,391,100.1406,201,99.8428,379,100.1506,372,99.8328,316,100.1615,108,0.1479
1751798544290475968,99.9269,59,100.0674,415,99.9169,418,100.0774,216,99.9062,109,100.0877,154,99.897,75,100.0976,126,99.8864,331,100.1078,445,99.8763,295,100.1178,263,99.8663,261,100.1275,35,99.8569,100,100.1374,264,99.847,27,100.1478,368,99.8365,418,100.1577,243,0.1405
1751798544290575968,99.924,58,100.0688,409,99.9144,269,100.0784,20,99.9047,55,100.0882,453,99.8943,256,100.0991,495,99.8841,303,100.1081,491,99.8746,106,100.1188,347,99.8641,492,100.1291,155,99.8544,380,100.1385,178,99.8441,209,100.149,161,99.8337,397,100.1586,458,0.1448
1751798544290675968,99.9278,364,100.0704,426,99.9184,346,100.0801,143,99.9081,405,100.09,225,99.8979,35,100.0998,142,99.8883,320,100.1103,131,99.8787,342,100.1197,120,99.8686,146,100.1299,261,99.8583,467,100.1403,448,99.8482,444,100.1501,306,99.8385,311,100.1597,362,0.1426
1751798544290775968,99.9308,363,100.0665,25,99.9208,448,100.0769,306,99.9109,224,100.0874,222,99.9012,248,100.0972,318,99.8909,107,100.1073,445,99.8807,158,100.1164,185,99.8707,53,100.1268,230,99.8605,124,100.1365,352,99.8513,15,100.1467,454,99.8408,197,100.1572,366,0.1357
1751798544290875968,99.927,49,100.0683,309,99.9174,408,100.0791,62,99.907,45,100.089,376,99.8976,26,100.0986,405,99.8879,393,100.1083,57,99.8772,54,100.1183,394,99.8676,36,100.1283,22,99.8571,362,100.1388,432,99.8474,232,100.1489,492,99.8373,380,100.1588,135,0.1413
1751798544290975968,99.9284,32,100.0654,200,99.9182,404,100.0754,434,99.9082,256,100.0861,123,99.8986,488,100.0954,220,99.8883,403,100.1053,195,99.8786,462,100.1158,486,99.8677,240,100.1253,44,99.8584,313,100.1353,248,99.848,494,100.1455,445,99.8385,30,100.1554,334,0.137
1751798544291075968,99.9252,319,100.0676,312,99.9153,404,100.0773,301,99.9049,305,100.0874,397,99.8948,370,100.0971,165,99.885,328,100.1069,76,99.8756,377,100.1169,27,99.8654,356,100.1271,224,99.855,144,100.1369,154,99.8456,471,100.1477,80,99.8348,106,100.1576,220,0.1424
1751798544291175968,99.9252,484,100.07,349,99.9147,387,100.0796,75,99.9053,151,100.0901,85,99.8949,96,100.1001,352,99.885,266,100.1105,487,99.8749,328,100.1202,261,99.8649,112,100.1298,38,99.8545,474,100.1402,132,99.845,200,100.1504,223,99.8346,28,100.1602,260,0.1448
1751798544291275968,99.9295,314,100.0677,77,99.9193,256,100.0777,45,99.9092,379,100.0878,395,99.8988,438,100.0977,126,99.8889,115,100.1082,45,99.8796,413,100.1177,272,99.869,492,100.1276,350,99.859,196,100.1374,428,99.8488,485,100.1482,372,99.8395,419,100.1581,266,0.1382
1751798544291375968,99.929,324,100.0686,90,99.9197,224,100.0787,392,99.9092,79,100.0887,263,99.8996,44,100.0994,57,99.8895,165,100.1087,20,99.8793,78,100.1189,460,99.8693,38,100.1288,113,99.8598,439,100.1387,150,99.8489,256,100.1488,308,99.8392,314,100.1595,341,0.1396
1751798544291475968,99.9329,147,100.0684,444,99.9234,74,100.0782,152,99.9132,262,100.0888,483,99.9031,218,100.0985,200,99.8939,145,100.1081,292,99.8833,224,100.1185,156,99.8731,482,100.1286,108,99.8639,195,100.1382,56,99.8529,461,100.1487,397,99.8436,357,100.1586,308,0.1355
1751798544291575968,99.9368,298,100.0721,193,99.9261,416,100.082,292,99.9163,33,100.0923,249,99.9068,442,100.1025,102,99.8965,315,100.1123,219,99.8865,284,100.1218,99,99.877,43,100.1326,65,99.8661,87,100.1425,349,99.8568,368,100.1522,273,99.8465,340,100.162,18,0.1353
1751798544291675968,99.9372,392,100.0736,317,99.9271,282,100.0832,494,99.9171,487,100.0931,367,99.9071,168,100.1036,323,99.8971,149,100.1134,47,99.8874,36,100.123,446,99.8771,310,100.1327,485,99.8668,52,100.1434,386,99.8575,459,100.1532,442,99.8472,205,100.1636,25,0.1364
1751798544291775968,99.9341,309,100.073,74,99.9239,468,100.0836,73,99.9139,475,100.0937,453,99.9036,317,100.1036,369,99.8938,114,100.1135,238,99.8842,228,100.1235,262,99.8738,161,100.1333,328,99.8642,227,100.1433,487,99.8533,47,100.1533,22,99.8442,261,100.1635,344,0.1389
1751798544291875968,99.9303,137,100.0699,245,99.9208,272,100.0797,59,99.9102,466,100.0899,54,99.9002,134,100.0994,83,99.8901,336,100.1094,381,99.8807,302,100.1199,383,99.87,265,100.1294,97,99.8604,287,100.1392,430,99.8504,17,100.1497,203,99.84,262,100.16,326,0.1396
1751798544291975968,99.9296,217,100.0656,221,99.9199,410,100.0756,268,99.9097,308,100.0857,52,99.8994,395,100.0953,263,99.8901,120,100.1052,417,99.8796,221,100.1157,126,99.8693,58,100.1254,31,99.8595,268,100.1351,203,99.85,116,100.1455,20,99.8394,110,100.1556,59,0.136
1751798544292075968,99.9274,24,100.0632,99,99.9174,291,100.0731,202,99.9068,325,100.0826,87,99.8972,227,100.0932,346,99.8866,20,100.103,121,99.877,147,100.1126,234,99.8672,429,100.123,89,99.8568,219,100.1327,12,99.8468,143,100.1431,19,99.8368,181,100.1526,257,0.1358
1751798544292175968,99.9237,164,100.058,369,99.913,225,100.068,113,99.9034,311,100.0781,157,99.8935,300,100.0878,40,99.8831,353,100.098,55,99.8733,486,100.1076,251,99.863,114,100.1182,102,99.8538,466,100.1282,162,99.8431,323,100.1383,182,99.8339,205,100.1479,29,0.1343
1751798544292275968,99.9232,239,100.0553,432,99.9129,249,100.0655,258,99.9031,323,100.0752,36,99.8932,292,100.0853,71,99.8832,456,100.0959,93,99.8728,484,100.1058,141,99.8636,224,100.1155,16,99.8529,492,100.125,104,99.843,372,100.1352,91,99.8337,476,100.1451,281,0.1321
1751798544292375968,99.9188,357,100.059,290,99.9092,428,100.0691,52,99.8987,412,100.0792,418,99.8894,10,100.089,313,99.8789,10,100.099,42,99.8695,121,100.1088,407,99.8588,311,100.1189,437,99.8487,314,100.1288,273,99.8394,388,100.1396,460,99.8289,157,100.1486,382,0.1402
1751798544292475968,99.9227,65,100.0635,230,99.9131,175,100.0731,59,99.9029,298,100.0828,283,99.8923,262,100.0926,170,99.8823,131,100.1028,15,99.8723,131,100.113,71,99.8621,365,100.1228,303,99.8523,92,100.1327,57,99.8424,103,100.1429,259,99.8331,142,100.1527,251,0.1408
1751798544292575968,99.9269,394,100.0586,361,99.9172,361,100.0691,379,99.9068,330,100.0793,221,99.8967,359,100.0888,108,99.8867,215,100.0993,67,99.8763,134,100.1092,484,99.8672,54,100.1189,111,99.8564,210,100.1289,423,99.8466,385,100.1389,78,99.8363,335,100.1491,214,0.1317
1751798544292675968,99.9308,442,100.056,342,99.9214,480,100.0658,127,99.9107,76,100.0764,366,99.9015,388,100.0863,205,99.891,183,100.0966,273,99.8808,103,100.1065,30,99.8711,160,100.1159,152,99.8615,464,100.1262,162,99.8513,226,100.1365,258,99.8415,498,100.1462,283,0.1252
1751798544292775968,99.9319,328,100.0569,230,99.9216,371,100.0664,408,99.9116,45,100.0771,460,99.9022,87,100.0865,283,99.8922,137,100.0968,333,99.8823,62,100.1068,186,99.8716,12,100.1164,451,99.8617,378,100.1265,430,99.8522,23,100.1368,36,99.8417,85,100.1464,302,0.125
1751798544292875968,99.9323,480,100.0523,291,99.9225,253,100.0618,153,99.9122,22,100.0718,127,99.9028,154,100.0825,55,99.8928,437,100.092,262,99.8823,64,100.1026,267,99.8721,122,100.1122,423,99.8621,351,100.1226,239,99.8523,275,100.1325,277,99.8428,291,100.1419,489,0.12
1751798544292975968,99.9294,99,100.0538,196,99.92,382,100.0642,46,99.9099,253,100.0742,40,99.8996,308,100.0839,491,99.8903,424,100.0941,277,99.8798,454,100.1043,34,99.87,65,100.1143,279,99.8596,182,100.1241,497,99.85,393,100.1335,288,99.8403,492,100.1439,284,0.1244
1751798544293075968,99.9263,331,100.0511,14,99.9161,104,100.0611,77,99.906,144,100.0716,304,99.8957,116,100.0819,204,99.8856,146,100.0916,140,99.8758,404,100.1013,401,99.8662,218,100.1119,444,99.8557,202,100.121,160,99.8458,246,100.1314,22,99.836,414,100.1409,122,0.1248
1751798544293175968,99.926,341,100.0463,465,99.9159,86,100.0564,88,99.9059,378,100.0667,165,99.8962,491,100.0766,400,99.8863,16,100.0869,499,99.8757,360,100.097,330,99.8663,293,100.1066,218,99.8559,140,100.1169,463,99.8464,422,100.1263,448,99.8357,463,100.1365,171,0.1203
1751798544293275968,99.9265,146,100.0454,135,99.9159,86,100.0555,468,99.9057,440,100.0654,200,99.8964,113,100.0754,99,99.8859,314,100.0849,204,99.876,129,100.0954,132,99.8664,297,100.1048,199,99.8565,89,100.1156,76,99.8463,287,100.1248,471,99.8365,173,100.1354,244,0.1189
1751798544293375968,99.928,325,100.0439,492,99.917,215,100.0539,432,99.9072,205,100.0634,215,99.8976,292,100.0735,487,99.8877,203,100.0832,134,99.8775,194,100.094,369,99.8673,45,100.1036,483,99.8571,298,100.1133,216,99.8473,332,100.1231,423,99.8379,367,100.1331,198,0.1159
1751798544293475968,99.9254,292,100.046,274,99.9155,221,100.0561,470,99.9062,450,100.0654,424,99.8955,240,100.0756,428,99.8853,477,100.0862,230,99.8757,283,100.096,410,99.8658,17,100.1058,351,99.8559,416,100.1162,39,99.8458,337,100.1256,289,99.8355,200,100.1364,293,0.1206
1751798544293575968,99.925,301,100.0452,452,99.9147,194,100.0546,86,99.9055,220,100.0648,414,99.8952,441,100.0749,473,99.8849,154,100.0847,167,99.8751,491,100.0949,299,99.865,31,100.1049,394,99.8551,450,100.1152,464,99.8449,107,100.1254,240,99.8355,151,100.1353,411,0.1202
1751798544293675968,99.9256,217,100.0438,354,99.9152,409,100.0535,70,99.9051,74,100.064,294,99.8953,271,100.0741,67,99.8849,131,100.084,456,99.8749,319,100.0939,316,99.8654,323,100.1043,428,99.8559,285,100.114,307,99.8452,168,100.1234,277,99.8351,331,100.1337,116,0.1182
1751798544293775968,99.9275,137,100.0447,491,99.9175,328,100.0543,486,99.9079,51,100.0641,470,99.8975,403,100.0741,446,99.8875,210,100.0846,385,99.8778,190,100.0945,453,99.8673,123,100.1046,368,99.8581,163,100.1145,491,99.848,75,100.1247,224,99.8376,230,100.1342,274,0.1172
1751798544293875968,99.9275,476,100.0477,195,99.9176,465,100.0577,393,99.908,484,100.0671,211,99.8978,225,100.0772,195,99.8875,22,100.0876,339,99.878,227,100.0976,180,99.8681,27,100.1069,76,99.8573,42,100.1175,461,99.8472,434,100.1276,26,99.8379,310,100.1376,337,0.1202
1751798544293975968,99.9329,265,100.0494,361,99.9224,381,100.0595,90,99.9123,252,100.0697,77,99.9026,153,100.0799,306,99.8928,64,100.0901,307,99.8825,428,100.1,291,99.873,411,100.1095,461,99.8623,14,100.1196,278,99.8524,471,100.1298,328,99.8424,96,100.1392,90,0.1165
1751798544294075968,99.9355,455,100.0487,401,99.9252,256,100.0591,301,99.9149,304,100.0694,460,99.9054,189,100.0791,181,99.8953,158,100.0893,169,99.8854,74,100.0986,199,99.8749,129,100.1092,497,99.8655,479,100.1188,163,99.8555,335,100.1284,488,99.8457,489,100.1393,352,0.1132
1751798544294175968,99.9397,55,100.0494,412,99.9293,487,100.0587,361,99.9195,258,100.0694,278,99.909,85,100.0787,134,99.8995,128,100.0889,209,99.8893,273,100.0991,89,99.8792,127,100.1092,344,99.8693,418,100.1188,426,99.8597,169,100.1295,461,99.8497,483,100.1395,499,0.1097
1751798544294275968,99.9426,66,100.0536,440,99.9324,433,100.064,292,99.9224,52,100.074,93,99.9131,218,100.0841,136,99.9026,422,100.0941,312,99.8929,444,100.1037,481,99.8828,167,100.1137,136,99.8733,20,100.124,400,99.8625,16,100.1337,442,99.8524,385,100.1444,297,0.111
1751798544294375968,99.9393,479,100.0522,296,99.9289,416,100.0619,467,99.9196,377,100.0718,156,99.9094,158,100.0824,172,99.8993,267,100.0922,197,99.8896,396,100.1023,273,99.8796,431,100.1117,221,99.8692,379,100.1223,228,99.8596,267,100.1326,439,99.8489,35,100.1425,361,0.1129
1751798544294475968,99.9398,10,100.0498,485,99.9303,401,100.0603,419,99.9202,395,100.0704,429,99.9107,71,100.0806,334,99.9003,63,100.0903,229,99.8902,23,100.1004,124,99.8799,364,100.1104,189,99.8704,422,100.1203,274,99.8604,303,100.1302,28,99.85,25,100.1406,474,0.11
1751798544294575968,99.9366,154,100.0533,24,99.9261,65,100.0624,265,99.9162,122,100.0726,156,99.906,107,100.0829,19,99.8965,328,100.0929,136,99.8865,16,100.1028,238,99.876,66,100.1128,354,99.8662,34,100.1224,45,99.8564,22,100.1329,24,99.8462,110,100.1425,384,0.1167
1751798544294675968,99.9335,23,100.0556,100,99.9238,235,100.0653,251,99.9144,50,100.0753,212,99.9036,251,100.0854,374,99.8942,231,100.0959,336,99.8836,337,100.1056,363,99.8739,187,100.1157,22,99.8638,417,100.1253,173,99.8539,200,100.1355,144,99.8442,22,100.1458,79,0.1221
1751798544294775968,99.9306,339,100.0596,129,99.9213,29,100.0698,177,99.9109,194,100.0792,59,99.9012,378,100.0897,219,99.891,336,100.0998,27,99.8808,47,100.1094,102,99.8712,66,100.1194,422,99.8611,212,100.1291,481,99.8512,401,100.14,123,99.8405,269,100.1497,281,0.129
1751798544294875968,99.9323,237,100.056,302,99.9221,453,100.0658,98,99.913,102,100.0759,340,99.9026,127,100.086,17,99.8924,40,100.0959,396,99.8828,71,100.1059,459,99.8723,437,100.1162,278,99.8622,48,100.1264,423,99.8527,120,100.1361,261,99.843,113,100.1462,62,0.1237
1751798544294975968,99.9289,442,100.0528,491,99.9189,396,100.0623,62,99.9096,153,100.0725,400,99.8993,259,100.0822,175,99.8894,259,100.0925,354,99.8797,422,100.1027,74,99.8687,381,100.1125,335,99.8591,486,100.1229,413,99.8497,324,100.1325,226,99.8389,233,100.1431,216,0.1239
1751798544295075968,99.9274,311,100.0503,499,99.9178,390,100.0599,389,99.9081,231,100.07,199,99.8977,374,100.0802,416,99.8883,95,100.0899,217,99.8779,279,100.1001,104,99.8681,225,100.1101,260,99.8578,344,100.1207,109,99.8474,363,100.1304,106,99.8377,14,100.14,431,0.1229
1751798544295175968,99.9279,234,100.0481,146,99.9171,225,100.0573,381,99.9073,292,100.0679,26,99.8978,255,100.0781,398,99.8871,287,100.0873,184,99.8775,474,100.0978,116,99.8678,455,100.1083,405,99.8576,26,100.118,479,99.8475,427,100.1282,390,99.8379,447,100.1375,217,0.1202
1751798544295275968,99.9311,86,100.0504,89,99.9214,182,100.0605,358,99.9107,412,100.0708,392,99.9013,410,100.0804,44,99.891,478,100.0911,142,99.8812,132,100.1009,77,99.8713,329,100.1111,294,99.8614,303,100.1203,199,99.8506,27,100.1302,367,99.8411,336,100.1407,280,0.1193
1751798544295375968,99.9271,50,100.0533,376,99.917,434,100.0638,301,99.9076,233,100.0738,57,99.8978,145,100.0838,142,99.888,145,100.0937,399,99.8779,230,100.1041,335,99.8679,422,100.1134,305,99.8572,244,100.1235,407,99.8475,44,100.1334,328,99.8375,420,100.1437,99,0.1262
1751798544295475968,99.9237,104,100.0539,264,99.9135,37,100.0642,371,99.9033,170,100.0741,340,99.8935,141,100.0837,448,99.8832,274,100.0932,347,99.8737,226,100.1041,471,99.8631,407,100.1142,174,99.8535,193,100.124,75,99.8435,462,100.1339,487,99.8338,278,100.1433,368,0.1302
1751798544295575968,99.9208,369,100.0554,253,99.9113,454,100.0651,410,99.9011,18,100.0751,162,99.8913,212,100.0846,246,99.8809,161,100.0947,34,99.8708,145,100.1045,160,99.8609,397,100.1153,68,99.8514,496,100.1247,373,99.8406,369,100.1354,452,99.8309,163,100.1445,344,0.1346
1751798544295675968,99.9219,274,100.0581,366,99.9125,73,100.0684,352,99.902,174,100.0786,268,99.8927,478,100.0886,254,99.8821,327,100.0989,493,99.8727,408,100.1088,54,99.8618,435,100.1186,369,99.8526,160,100.129,96,99.8419,259,100.1383,47,99.8321,258,100.1489,263,0.1362
1751798544295775968,99.9234,59,100.0591,451,99.9132,183,100.0692,177,99.9033,123,100.0791,389,99.8939,351,100.0887,68,99.8832,274,100.0988,159,99.8734,480,100.1084,452,99.8636,161,100.1186,21,99.8532,12,100.1292,47,99.8434,402,100.1392,357,99.8336,443,100.1489,15,0.1357
1751798544295875968,99.9237,128,100.0619,84,99.9137,409,100.0726,31,99.9041,21,100.0825,428,99.8934,239,100.0923,376,99.8839,53,100.1022,222,99.8733,88,100.1118,208,99.8632,54,100.1219,13,99.8533,192,100.1321,171,99.8439,258,100.1423,341,99.8338,245,100.1525,150,0.1382
1751798544295975968,99.9191,202,100.0591,317,99.9087,81,100.0696,143,99.8984,110,100.0792,252,99.889,201,100.0896,272,99.8788,306,100.0993,31,99.8684,136,100.1098,201,99.8584,371,100.1198,73,99.8482,107,100.1296,94,99.8387,84,100.1395,443,99.8291,195,100.1496,62,0.14
1751798544296075968,99.9139,498,100.0546,178,99.904,475,100.0651,254,99.8935,180,100.0746,187,99.8837,297,100.0845,222,99.8734,142,100.0948,499,99.8643,402,100.1051,463,99.8536,201,100.1151,433,99.8435,53,100.125,254,99.8335,104,100.1344,250,99.8235,67,100.1444,14,0.1407
1751798544296175968,99.9171,16,100.0589,442,99.9075,94,100.0684,196,99.8976,466,100.0785,157,99.8872,295,100.0893,440,99.8777,236,100.0988,254,99.8672,137,100.1089,237,99.8573,259,100.1186,434,99.847,484,100.1293,192,99.8373,392,100.139,145,99.8275,226,100.1488,133,0.1418
1751798544296275968,99.9208,186,100.0542,275,99.9108,131,100.0642,374,99.9016,306,100.0744,132,99.8914,282,100.0841,186,99.881,242,100.0945,364,99.8715,296,100.1049,147,99.8616,297,100.1147,273,99.851,37,100.1242,114,99.8414,457,100.1348,481,99.8312,280,100.1448,305,0.1334
1751798544296375968,99.9179,198,100.0523,264,99.9076,86,100.062,312,99.8975,207,100.0721,186,99.888,235,100.0821,289,99.8775,337,100.0925,350,99.8678,260,100.1024,321,99.8581,263,100.1125,449,99.8478,277,100.1224,277,99.8377,224,100.132,413,99.8276,180,100.1423,89,0.1344
1751798544296475968,99.9228,487,100.0571,421,99.9122,62,100.0677,402,99.9029,394,100.077,329,99.8925,364,100.0868,186,99.8828,376,100.0976,383,99.8724,154,100.1075,102,99.8621,122,100.1169,301,99.8527,125,100.1276,465,99.8426,63,100.1374,138,99.8327,27,100.1473,104,0.1343
1751798544296575968,99.9215,380,100.0611,446,99.9121,413,100.0705,64,99.9013,353,100.081,216,99.8922,206,100.0905,307,99.8818,488,100.1009,102,99.872,138,100.1107,227,99.8615,131,100.1208,413,99.852,117,100.1309,113,99.8422,407,100.1408,234,99.8315,340,100.1513,137,0.1396
1751798544296675968,99.9256,153,100.0649,404,99.9159,438,100.0748,11,99.9062,338,100.085,207,99.8959,82,100.0948,211,99.8863,461,100.1045,178,99.8763,358,100.1152,378,99.8664,112,100.125,230,99.8559,241,100.1344,186,99.8458,485,100.1446,294,99.8362,23,100.1546,430,0.1393
1751798544296775968,99.9272,409,100.0637,482,99.9172,104,100.0737,15,99.9075,204,100.0838,13,99.8977,342,100.0932,430,99.8872,126,100.1036,354,99.8775,284,100.1138,329,99.8673,370,100.1235,274,99.8576,173,100.1332,43,99.8474,284,100.1432,321,99.8373,466,100.1532,183,0.1365
1751798544296875968,99.9267,181,100.0637,485,99.9166,78,100.0739,329,99.9071,400,100.0836,11,99.8967,251,100.0936,33,99.8868,18,100.1033,290,99.8772,356,100.1139,102,99.8673,479,100.1233,217,99.8566,450,100.1341,149,99.8472,406,100.1437,341,99.8373,98,100.1532,264,0.137
